<?xml version="1.0" encoding="UTF-8"?>
<!DOCTYPE html PUBLIC "-//W3C//DTD XHTML 1.0 Transitional//EN"
    "http://www.w3.org/TR/xhtml1/DTD/xhtml1-transitional.dtd">
<html xmlns="http://www.w3.org/1999/xhtml" xml:lang="en" lang="en">
 <head>
  <title>
</title>
<meta http-equiv="Content-Type" content="text/html;charset=utf-8" />
  <meta name='ocr-system' content='tesseract 3.04.00' />
  <meta name='ocr-capabilities' content='ocr_page ocr_carea ocr_par ocr_line ocrx_word'/>
</head>
<body>
  <div class='ocr_page' id='page_1' title='image "./bractondelegibu02histgoog_0433.png"; bbox 0 0 1173 1660; ppageno 0'>
   <div class='ocr_carea' id='block_1_1' title="bbox 418 149 942 172">
    <p class='ocr_par' dir='ltr' id='par_1_1' title="bbox 418 149 942 172">
     <span class='ocr_line' id='line_1_1' title="bbox 418 149 942 172; baseline 0.008 -8"><span class='ocrx_word' id='word_1_1' title='bbox 418 149 448 172; x_wconf 74' lang='lat' dir='ltr'><strong>DE</strong></span> <span class='ocrx_word' id='word_1_2' title='bbox 460 149 562 165; x_wconf 76' lang='lat' dir='ltr'><strong>PLACl‘rls</strong></span> <span class='ocrx_word' id='word_1_3' title='bbox 574 149 668 164; x_wconf 71' lang='lat' dir='ltr'><strong>CORONAE</strong></span> <span class='ocrx_word' id='word_1_4' title='bbox 906 151 942 168; x_wconf 77' lang='lat'><strong>415</strong></span> 
     </span>
    </p>
   </div>
   <div class='ocr_carea' id='block_1_2' title="bbox 146 187 944 1157">
    <p class='ocr_par' dir='ltr' id='par_1_2' title="bbox 146 187 944 1157">
     <span class='ocr_line' id='line_1_2' title="bbox 147 187 942 212; baseline 0 -6"><span class='ocrx_word' id='word_1_5' title='bbox 147 187 212 207; x_wconf 79' lang='lat' dir='ltr'><strong>etiam·</strong></span> <span class='ocrx_word' id='word_1_6' title='bbox 219 187 317 206; x_wconf 76' lang='lat' dir='ltr'><strong>testiculos</strong></span> <span class='ocrx_word' id='word_1_7' title='bbox 325 187 357 212; x_wconf 89' lang='lat' dir='ltr'><strong>qui</strong></span> <span class='ocrx_word' id='word_1_8' title='bbox 364 187 447 206; x_wconf 78' lang='lat' dir='ltr'><strong>calorem</strong></span> <span class='ocrx_word' id='word_1_9' title='bbox 454 187 517 212; x_wconf 80' lang='lat' dir='ltr'><strong>stupri</strong></span> <span class='ocrx_word' id='word_1_10' title='bbox 524 187 649 206; x_wconf 78' lang='lat' dir='ltr'><strong>induxerunt.</strong></span> <span class='ocrx_word' id='word_1_11' title='bbox 657 187 704 206; x_wconf 89' lang='lat' dir='ltr'><strong>Non</strong></span> <span class='ocrx_word' id='word_1_12' title='bbox 712 189 777 206; x_wconf 72' lang='lat' dir='ltr'><strong>autem</strong></span> <span class='ocrx_word' id='word_1_13' title='bbox 785 187 872 212; x_wconf 77' lang='lat' dir='ltr'><strong>sequitur</strong></span> <span class='ocrx_word' id='word_1_14' title='bbox 878 187 942 206; x_wconf 89' lang='lat' dir='ltr'><strong>huius-</strong></span> 
     </span>
     <span class='ocr_line' id='line_1_3' title="bbox 147 216 943 242; baseline -0.001 -6"><span class='ocrx_word' id='word_1_15' title='bbox 147 217 199 236; x_wconf 88' lang='lat' dir='ltr'><strong>modi</strong></span> <span class='ocrx_word' id='word_1_16' title='bbox 210 223 268 242; x_wconf 82' lang='lat' dir='ltr'><strong>poena</strong></span> <span class='ocrx_word' id='word_1_17' title='bbox 279 217 302 236; x_wconf 85' lang='lat' dir='ltr'><strong>de</strong></span> <span class='ocrx_word' id='word_1_18' title='bbox 313 217 398 241; x_wconf 77' lang='lat' dir='ltr'><strong>qualibet</strong></span> <span class='ocrx_word' id='word_1_19' title='bbox 409 216 487 239; x_wconf 77' lang='lat' dir='ltr'><strong>femina,</strong></span> <span class='ocrx_word' id='word_1_20' title='bbox 498 216 542 236; x_wconf 81' lang='lat' dir='ltr'><strong>licet</strong></span> <span class='ocrx_word' id='word_1_21' title='bbox 553 216 572 235; x_wconf 84' lang='lat' dir='ltr'><strong>vi</strong></span> <span class='ocrx_word' id='word_1_22' title='bbox 584 217 712 241; x_wconf 74' lang='lat' dir='ltr'><strong>opprimatur.</strong></span> <span class='ocrx_word' id='word_1_23' title='bbox 725 216 818 241; x_wconf 81' lang='lat' dir='ltr'>Sequitur</span> <span class='ocrx_word' id='word_1_24' title='bbox 828 219 894 236; x_wconf 81' lang='lat' dir='ltr'><strong>tamen</strong></span> <span class='ocrx_word' id='word_1_25' title='bbox 905 216 943 235; x_wconf 85' lang='lat' dir='ltr'><strong>alia</strong></span> 
     </span>
     <span class='ocr_line' id='line_1_4' title="bbox 147 246 943 271; baseline 0 -6"><span class='ocrx_word' id='word_1_26' title='bbox 147 246 212 271; x_wconf 77' lang='lat' dir='ltr'><strong>gravis</strong></span> <span class='ocrx_word' id='word_1_27' title='bbox 223 249 242 266; x_wconf 84' lang='lat' dir='ltr'><strong>et</strong></span> <span class='ocrx_word' id='word_1_28' title='bbox 253 246 336 271; x_wconf 78' lang='lat' dir='ltr'><strong>gravior,</strong></span> <span class='ocrx_word' id='word_1_29' title='bbox 347 246 452 265; x_wconf 80' lang='lat' dir='ltr'><strong>secundum</strong></span> <span class='ocrx_word' id='word_1_30' title='bbox 463 246 514 271; x_wconf 87' lang='lat' dir='ltr'><strong>quod</strong></span> <span class='ocrx_word' id='word_1_31' title='bbox 526 246 585 265; x_wconf 78' lang='lat' dir='ltr'><strong>fuerit</strong></span> <span class='ocrx_word' id='word_1_32' title='bbox 596 248 659 271; x_wconf 83' lang='lat' dir='ltr'><strong>nupta</strong></span> <span class='ocrx_word' id='word_1_33' title='bbox 670 246 701 265; x_wconf 86' lang='lat' dir='ltr'><strong>vel</strong></span> <span class='ocrx_word' id='word_1_34' title='bbox 712 246 771 265; x_wconf 83' lang='lat' dir='ltr'><strong>vidua</strong></span> <span class='ocrx_word' id='word_1_35' title='bbox 782 246 861 265; x_wconf 81' lang='lat' dir='ltr'><strong>honeste</strong></span> <span class='ocrx_word' id='word_1_36' title='bbox 871 246 943 268; x_wconf 85' lang='lat' dir='ltr'><strong>vivens,</strong></span> 
     </span>
     <span class='ocr_line' id='line_1_5' title="bbox 147 275 943 300; baseline -0.001 -5"><span class='ocrx_word' id='word_1_37' title='bbox 147 276 302 298; x_wconf 68' lang='lat' dir='ltr'><strong>sanctimonialis,</strong></span> <span class='ocrx_word' id='word_1_38' title='bbox 318 276 348 295; x_wconf 83' lang='lat' dir='ltr'><strong>vel</strong></span> <span class='ocrx_word' id='word_1_39' title='bbox 363 278 458 295; x_wconf 78' lang='lat' dir='ltr'><strong>matrona.</strong></span> <span class='ocrx_word' id='word_1_40' title='bbox 475 276 526 295; x_wconf 77' lang='lat' dir='ltr'><strong>Its·</strong></span> <span class='ocrx_word' id='word_1_41' title='bbox 541 275 647 294; x_wconf 83' lang='lat' dir='ltr'><strong>concubina</strong></span> <span class='ocrx_word' id='word_1_42' title='bbox 662 275 754 300; x_wconf 81' lang='lat' dir='ltr'><strong>legitima,</strong></span> <span class='ocrx_word' id='word_1_43' title='bbox 770 275 800 294; x_wconf 86' lang='lat' dir='ltr'><strong>vel</strong></span> <span class='ocrx_word' id='word_1_44' title='bbox 816 275 854 294; x_wconf 83' lang='lat' dir='ltr'><strong>alia</strong></span> <span class='ocrx_word' id='word_1_45' title='bbox 869 277 943 300; x_wconf 77' lang='lat' dir='ltr'><strong>quaestu</strong></span> 
     </span>
     <span class='ocr_line' id='line_1_6' title="bbox 147 305 944 330; baseline 0 -6"><span class='ocrx_word' id='word_1_46' title='bbox 147 306 220 325; x_wconf 71' lang='lat' dir='ltr'><strong>faciens</strong></span> <span class='ocrx_word' id='word_1_47' title='bbox 230 305 277 324; x_wconf 81' lang='lat' dir='ltr'><strong>sine&#39;</strong></span> <span class='ocrx_word' id='word_1_48' title='bbox 286 305 362 324; x_wconf 75' lang='lat' dir='ltr'><strong>delectu</strong></span> <span class='ocrx_word' id='word_1_49' title='bbox 371 311 503 330; x_wconf 82' lang='lat' dir='ltr'><strong>personarum,</strong></span> <span class='ocrx_word' id='word_1_50' title='bbox 513 311 561 330; x_wconf 84' lang='lat' dir='ltr'><strong>quas</strong></span> <span class='ocrx_word' id='word_1_51' title='bbox 571 305 648 330; x_wconf 85' lang='lat' dir='ltr'><strong>quidem</strong></span> <span class='ocrx_word' id='word_1_52' title='bbox 659 311 724 324; x_wconf 83' lang='lat' dir='ltr'><strong>omnes</strong></span> <span class='ocrx_word' id='word_1_53' title='bbox 734 305 791 324; x_wconf 91' lang='lat' dir='ltr'><strong>debet</strong></span> <span class='ocrx_word' id='word_1_54' title='bbox 801 311 836 324; x_wconf 85' lang='lat' dir='ltr'><strong>rex</strong></span> <span class='ocrx_word' id='word_1_55' title='bbox 846 305 896 324; x_wconf 83' lang='lat' dir='ltr'><strong>tueri</strong></span> <span class='ocrx_word' id='word_1_56' title='bbox 907 311 944 330; x_wconf 86' lang='lat' dir='ltr'><strong>pro</strong></span> 
     </span>
     <span class='ocr_line' id='line_1_7' title="bbox 147 334 943 360; baseline -0.001 -6"><span class='ocrx_word' id='word_1_57' title='bbox 147 341 195 360; x_wconf 77' lang='lat' dir='ltr'><strong>pace</strong></span> <span class='ocrx_word' id='word_1_58' title='bbox 205 341 246 357; x_wconf 80' lang='lat' dir='ltr'><strong>sua,</strong></span> <span class='ocrx_word' id='word_1_59' title='bbox 257 335 290 354; x_wconf 89' lang='lat' dir='ltr'><strong>sed</strong></span> <span class='ocrx_word' id='word_1_60' title='bbox 301 341 341 354; x_wconf 86' lang='lat' dir='ltr'><strong>non</strong></span> <span class='ocrx_word' id='word_1_61' title='bbox 350 335 388 354; x_wconf 73' lang='lat' dir='ltr'><strong>,erit</strong></span> <span class='ocrx_word' id='word_1_62' title='bbox 398 335 424 354; x_wconf 85' lang='lat' dir='ltr'><strong>de</strong></span> <span class='ocrx_word' id='word_1_63' title='bbox 434 334 519 359; x_wconf 83' lang='lat' dir='ltr'><strong>qualibet</strong></span> <span class='ocrx_word' id='word_1_64' title='bbox 530 341 567 360; x_wconf 75' lang='lat' dir='ltr'><strong>par</strong></span> <span class='ocrx_word' id='word_1_65' title='bbox 577 340 641 359; x_wconf 69' lang='lat' dir='ltr'><strong>prena..</strong></span> <span class='ocrx_word' id='word_1_66' title='bbox 653 334 706 354; x_wconf 87' lang='lat' dir='ltr'><strong>Olim</strong></span> <span class='ocrx_word' id='word_1_67' title='bbox 717 334 809 359; x_wconf 58' lang='lat' dir='ltr'><strong>quidemst</strong></span> <span class='ocrx_word' id='word_1_68' title='bbox 820 336 943 359; x_wconf 75' lang='lat' dir='ltr'>corruptores</span> 
     </span>
     <span class='ocr_line' id='line_1_8' title="bbox 148 364 944 389; baseline -0.001 -5"><span class='ocrx_word' id='word_1_69' title='bbox 148 364 264 389; x_wconf 80' lang='lat' dir='ltr'><strong>virginitatis</strong></span> <span class='ocrx_word' id='word_1_70' title='bbox 276 367 296 384; x_wconf 86' lang='lat' dir='ltr'><strong>et</strong></span> <span class='ocrx_word' id='word_1_71' title='bbox 308 364 402 384; x_wconf 80' lang='lat' dir='ltr'><strong>castitatis</strong></span> <span class='ocrx_word' id='word_1_72' title='bbox 417 364 619 389; x_wconf 78' lang='lat' dir='ltr'><strong>[suspendebanturP&#39;</strong></span> <span class='ocrx_word' id='word_1_73' title='bbox 632 366 652 383; x_wconf 89' lang='lat' dir='ltr'><strong>et</strong></span> <span class='ocrx_word' id='word_1_74' title='bbox 665 370 731 383; x_wconf 82' lang='lat' dir='ltr'><strong>eorum</strong></span> <span class='ocrx_word' id='word_1_75' title='bbox 745 364 837 386; x_wconf 81' lang='lat' dir='ltr'><strong>fautores,</strong></span> <span class='ocrx_word' id='word_1_76' title='bbox 851 370 895 383; x_wconf 79' lang='lat' dir='ltr'><strong>eum</strong></span> <span class='ocrx_word' id='word_1_77' title='bbox 908 370 944 383; x_wconf 80' lang='lat' dir='ltr'><strong>nee</strong></span> 
     </span>
     <span class='ocr_line' id='line_1_9' title="bbox 147 393 943 418; baseline 0 -5"><span class='ocrx_word' id='word_1_78' title='bbox 147 394 196 413; x_wconf 80' lang='lat' dir='ltr'><strong>tales</strong></span> <span class='ocrx_word' id='word_1_79' title='bbox 204 394 242 413; x_wconf 74' lang='lat' dir='ltr'><strong>abu</strong></span> <span class='ocrx_word' id='word_1_80' title='bbox 251 394 346 413; x_wconf 84' lang='lat' dir='ltr'><strong>homicidii</strong></span> <span class='ocrx_word' id='word_1_81' title='bbox 353 394 432 413; x_wconf 79' lang='lat' dir='ltr'><strong>erimine</strong></span> <span class='ocrx_word' id='word_1_82' title='bbox 440 394 495 413; x_wconf 70' lang='lat' dir='ltr'><strong>vacui</strong></span> <span class='ocrx_word' id='word_1_83' title='bbox 504 396 573 416; x_wconf 83' lang='lat' dir='ltr'><strong>essent,</strong></span> <span class='ocrx_word' id='word_1_84' title='bbox 582 394 666 413; x_wconf 82' lang='lat' dir='ltr'><strong>maxime</strong></span> <span class='ocrx_word' id='word_1_85' title='bbox 674 400 718 413; x_wconf 85' lang='lat' dir='ltr'><strong>cum</strong></span> <span class='ocrx_word' id='word_1_86' title='bbox 726 393 828 418; x_wconf 75' lang='lat' dir='ltr'><strong>virginitas</strong></span> <span class='ocrx_word' id='word_1_87' title='bbox 836 396 856 413; x_wconf 85' lang='lat' dir='ltr'><strong>et</strong></span> <span class='ocrx_word' id='word_1_88' title='bbox 865 394 943 413; x_wconf 80' lang='lat' dir='ltr'><strong>castitas</strong></span> 
     </span>
     <span class='ocr_line' id='line_1_10' title="bbox 147 423 943 449; baseline -0.001 -6"><span class='ocrx_word' id='word_1_89' title='bbox 147 424 222 443; x_wconf 85' lang='lat' dir='ltr'><strong>restitui</strong></span> <span class='ocrx_word' id='word_1_90' title='bbox 232 430 271 443; x_wconf 89' lang='lat' dir='ltr'><strong>non</strong></span> <span class='ocrx_word' id='word_1_91' title='bbox 279 423 374 449; x_wconf 76' lang='lat' dir='ltr'><strong>possint-¹⁸</strong></span> <span class='ocrx_word' id='word_1_92' title='bbox 383 423 484 443; x_wconf 87' lang='lat' dir='ltr'><strong>Modernis</strong></span> <span class='ocrx_word' id='word_1_93' title='bbox 493 425 559 442; x_wconf 89' lang='lat' dir='ltr'><strong>tamen</strong></span> <span class='ocrx_word' id='word_1_94' title='bbox 568 423 687 448; x_wconf 80' lang='lat' dir='ltr'>temporibus</span> <span class='ocrx_word' id='word_1_95' title='bbox 696 423 752 442; x_wconf 78' lang='lat' dir='ltr'><strong>aliter</strong></span> <span class='ocrx_word' id='word_1_96' title='bbox 762 423 881 445; x_wconf 85' lang='lat' dir='ltr'><strong>observatur,</strong></span> <span class='ocrx_word' id='word_1_97' title='bbox 892 423 943 448; x_wconf 90' lang='lat' dir='ltr'><strong>quod</strong></span> 
     </span>
     <span class='ocr_line' id='line_1_11' title="bbox 147 452 943 478; baseline 0 -6"><span class='ocrx_word' id='word_1_98' title='bbox 147 460 184 478; x_wconf 89' lang='lat' dir='ltr'><strong>pro</strong></span> <span class='ocrx_word' id='word_1_99' title='bbox 193 453 317 478; x_wconf 80' lang='lat' dir='ltr'><strong>corruptione</strong></span> <span class='ocrx_word' id='word_1_100' title='bbox 325 453 406 478; x_wconf 80' lang='lat' dir='ltr'><strong>virginis</strong></span> <span class='ocrx_word' id='word_1_101' title='bbox 415 453 532 472; x_wconf 78' lang='lat' dir='ltr'><strong>amittuntur</strong></span> <span class='ocrx_word' id='word_1_102' title='bbox 541 453 627 472; x_wconf 90' lang='lat' dir='ltr'><strong>membra</strong></span> <span class='ocrx_word' id='word_1_103' title='bbox 637 455 660 472; x_wconf 89' lang='lat' dir='ltr'><strong>ut</strong></span> <span class='ocrx_word' id='word_1_104' title='bbox 669 453 783 478; x_wconf 74' lang='lat' dir='ltr'><strong>praedictum</strong></span> <span class='ocrx_word' id='word_1_105' title='bbox 792 455 827 475; x_wconf 83' lang='lat' dir='ltr'><strong>est,</strong></span> <span class='ocrx_word' id='word_1_106' title='bbox 838 455 857 472; x_wconf 84' lang='lat' dir='ltr'><strong>et</strong></span> <span class='ocrx_word' id='word_1_107' title='bbox 867 453 892 472; x_wconf 87' lang='lat' dir='ltr'><strong>de</strong></span> <span class='ocrx_word' id='word_1_108' title='bbox 902 452 943 472; x_wconf 87' lang='lat' dir='ltr'><strong>aliis</strong></span> 
     </span>
     <span class='ocr_line' id='line_1_12' title="bbox 148 482 943 508; baseline -0.001 -6"><span class='ocrx_word' id='word_1_109' title='bbox 148 483 234 508; x_wconf 86' lang='lat' dir='ltr'><strong>sequitur</strong></span> <span class='ocrx_word' id='word_1_110' title='bbox 242 483 307 507; x_wconf 83' lang='lat' dir='ltr'><strong>gravis</strong></span> <span class='ocrx_word' id='word_1_111' title='bbox 316 489 374 508; x_wconf 79' lang='lat' dir='ltr'><strong>poena</strong></span> <span class='ocrx_word' id='word_1_112' title='bbox 382 482 493 508; x_wconf 80' lang='lat' dir='ltr'><strong>corporalis,</strong></span> <span class='ocrx_word' id='word_1_113' title='bbox 502 482 536 502; x_wconf 82' lang='lat' dir='ltr'><strong>sed</strong></span> <span class='ocrx_word' id='word_1_114' title='bbox 544 485 610 501; x_wconf 83' lang='lat' dir='ltr'><strong>tamen</strong></span> <span class='ocrx_word' id='word_1_115' title='bbox 619 482 659 501; x_wconf 88' lang='lat' dir='ltr'><strong>sine</strong></span> <span class='ocrx_word' id='word_1_116' title='bbox 668 482 769 501; x_wconf 81' lang='lat' dir='ltr'><strong>amissione</strong></span> <span class='ocrx_word' id='word_1_117' title='bbox 778 482 822 501; x_wconf 80' lang='lat' dir='ltr'><strong>vitoe</strong></span> <span class='ocrx_word' id='word_1_118' title='bbox 831 482 876 501; x_wconf 78' lang='lat' dir='ltr'><strong>vel¹‘</strong></span> <span class='ocrx_word' id='word_1_119' title='bbox 884 488 943 501; x_wconf 88' lang='lat' dir='ltr'><strong>mem-</strong></span> 
     </span>
     <span class='ocr_line' id='line_1_13' title="bbox 147 511 943 537; baseline -0.001 -6"><span class='ocrx_word' id='word_1_120' title='bbox 147 512 232 532; x_wconf 78' lang='lat' dir='ltr'>brorum.</span> <span class='ocrx_word' id='word_1_121' title='bbox 241 513 270 532; x_wconf 86' lang='lat' dir='ltr'><strong>Et</strong></span> <span class='ocrx_word' id='word_1_122' title='bbox 279 518 323 531; x_wconf 83' lang='lat' dir='ltr'><strong>cum</strong></span> <span class='ocrx_word' id='word_1_123' title='bbox 332 512 415 537; x_wconf 76' lang='lat' dir='ltr'><strong>virgines</strong></span> <span class='ocrx_word' id='word_1_124' title='bbox 425 514 444 531; x_wconf 81' lang='lat' dir='ltr'><strong>et</strong></span> <span class='ocrx_word' id='word_1_125' title='bbox 453 512 515 531; x_wconf 74' lang='lat' dir='ltr'><strong>viduae</strong></span> <span class='ocrx_word' id='word_1_126' title='bbox 523 511 611 531; x_wconf 81' lang='lat' dir='ltr'><strong>necnon¹¹</strong></span> <span class='ocrx_word' id='word_1_127' title='bbox 621 511 774 531; x_wconf 68' lang='lat' dir='ltr'><strong>sanctimoniales</strong></span> <span class='ocrx_word' id='word_1_128' title='bbox 783 512 819 531; x_wconf 84' lang='lat' dir='ltr'><strong>deo</strong></span> <span class='ocrx_word' id='word_1_129' title='bbox 829 511 882 531; x_wconf 81' lang='lat' dir='ltr'><strong>sint¹‘</strong></span> <span class='ocrx_word' id='word_1_130' title='bbox 891 511 943 531; x_wconf 84' lang='lat' dir='ltr'><strong>dedi-</strong></span> 
     </span>
     <span class='ocr_line' id='line_1_14' title="bbox 147 541 943 567; baseline -0.001 -6"><span class='ocrx_word' id='word_1_131' title='bbox 147 544 200 564; x_wconf 78' lang='lat' dir='ltr'><strong>catae,</strong></span> <span class='ocrx_word' id='word_1_132' title='bbox 213 542 312 567; x_wconf 72' lang='lat' dir='ltr'><strong>corruptio</strong></span> <span class='ocrx_word' id='word_1_133' title='bbox 324 548 391 561; x_wconf 79' lang='lat' dir='ltr'><strong>earum</strong></span> <span class='ocrx_word' id='word_1_134' title='bbox 404 548 444 561; x_wconf 90' lang='lat' dir='ltr'><strong>non</strong></span> <span class='ocrx_word' id='word_1_135' title='bbox 457 541 519 561; x_wconf 88' lang='lat' dir='ltr'><strong>solum</strong></span> <span class='ocrx_word' id='word_1_136' title='bbox 532 541 557 560; x_wconf 84' lang='lat' dir='ltr'><strong>ad</strong></span> <span class='ocrx_word' id='word_1_137' title='bbox 570 541 659 560; x_wconf 84' lang='lat' dir='ltr'><strong>iniuriam</strong></span> <span class='ocrx_word' id='word_1_138' title='bbox 672 541 791 563; x_wconf 81' lang='lat' dir='ltr'><strong>hominum,¹&#39;</strong></span> <span class='ocrx_word' id='word_1_139' title='bbox 804 547 872 560; x_wconf 84' lang='lat' dir='ltr'><strong>verum</strong></span> <span class='ocrx_word' id='word_1_140' title='bbox 885 541 943 560; x_wconf 81' lang='lat' dir='ltr'><strong>etiam</strong></span> 
     </span>
     <span class='ocr_line' id='line_1_15' title="bbox 148 570 943 596; baseline -0.001 -6"><span class='ocrx_word' id='word_1_141' title='bbox 148 572 173 591; x_wconf 84' lang='lat' dir='ltr'><strong>ad</strong></span> <span class='ocrx_word' id='word_1_142' title='bbox 180 571 241 596; x_wconf 84' lang='lat' dir='ltr'><strong>ipsius</strong></span> <span class='ocrx_word' id='word_1_143' title='bbox 250 571 280 590; x_wconf 86' lang='lat' dir='ltr'><strong>dei</strong></span> <span class='ocrx_word' id='word_1_144' title='bbox 288 571 425 596; x_wconf 75' lang='lat' dir='ltr'><strong>omipotentis</strong></span> <span class='ocrx_word' id='word_1_145' title='bbox 434 571 577 590; x_wconf 84' lang='lat' dir='ltr'><strong>irreverentiam</strong></span> <span class='ocrx_word' id='word_1_146' title='bbox 586 571 719 593; x_wconf 79' lang='lat' dir='ltr'><strong>committitur,</strong></span> <span class='ocrx_word' id='word_1_147' title='bbox 728 573 748 590; x_wconf 87' lang='lat' dir='ltr'><strong>et</strong></span> <span class='ocrx_word' id='word_1_148' title='bbox 757 571 797 590; x_wconf 86' lang='lat' dir='ltr'><strong>sine</strong></span> <span class='ocrx_word' id='word_1_149' title='bbox 805 570 890 590; x_wconf 78' lang='lat' dir='ltr'><strong>vindicta</strong></span> <span class='ocrx_word' id='word_1_150' title='bbox 899 570 943 590; x_wconf 82' lang='lat' dir='ltr'><strong>talis</strong></span> 
     </span>
     <span class='ocr_line' id='line_1_16' title="bbox 147 600 944 626; baseline -0.001 -6"><span class='ocrx_word' id='word_1_151' title='bbox 147 607 187 620; x_wconf 88' lang='lat' dir='ltr'><strong>non</strong></span> <span class='ocrx_word' id='word_1_152' title='bbox 196 600 295 626; x_wconf 63' lang='lat' dir='ltr'><strong>quiescav·</strong></span> <span class='ocrx_word' id='word_1_153' title='bbox 305 601 406 620; x_wconf 57' lang='lat' dir='ltr'><strong>inlamial&#39;</strong></span> <span class='ocrx_word' id='word_1_154' title='bbox 416 601 467 620; x_wconf 92' lang='lat' dir='ltr'><strong>Cum</strong></span> <span class='ocrx_word' id='word_1_155' title='bbox 476 601 536 625; x_wconf 76' lang='lat' dir='ltr'><strong>igitur</strong></span> <span class='ocrx_word' id='word_1_156' title='bbox 546 600 602 625; x_wconf 81' lang='lat' dir='ltr'><strong>virgo</strong></span> <span class='ocrx_word' id='word_1_157' title='bbox 612 600 638 620; x_wconf 83' lang='lat' dir='ltr'><strong>sic</strong></span> <span class='ocrx_word' id='word_1_158' title='bbox 647 602 740 625; x_wconf 85' lang='lat' dir='ltr'><strong>corrupta</strong></span> <span class='ocrx_word' id='word_1_159' title='bbox 750 600 810 619; x_wconf 77' lang='lat' dir='ltr'><strong>fuerit</strong></span> <span class='ocrx_word' id='word_1_160' title='bbox 820 602 840 619; x_wconf 86' lang='lat' dir='ltr'><strong>et</strong></span> <span class='ocrx_word' id='word_1_161' title='bbox 851 606 944 625; x_wconf 82' lang='lat' dir='ltr'><strong>oppressa</strong></span> 
     </span>
     <span class='ocr_line' id='line_1_17' title="bbox 147 630 943 656; baseline -0.003 -6"><span class='ocrx_word' id='word_1_162' title='bbox 147 633 215 650; x_wconf 80' lang='lat' dir='ltr'><strong>contra</strong></span> <span class='ocrx_word' id='word_1_163' title='bbox 227 637 294 656; x_wconf 82' lang='lat' dir='ltr'><strong>paoem</strong></span> <span class='ocrx_word' id='word_1_164' title='bbox 306 630 378 650; x_wconf 85' lang='lat' dir='ltr'><strong>domini</strong></span> <span class='ocrx_word' id='word_1_165' title='bbox 390 630 446 655; x_wconf 78' lang='lat' dir='ltr'><strong>regis,</strong></span> <span class='ocrx_word' id='word_1_166' title='bbox 459 630 524 649; x_wconf 74' lang='lat' dir='ltr'><strong>statim</strong></span> <span class='ocrx_word' id='word_1_167' title='bbox 536 630 570 649; x_wconf 82' lang='lat' dir='ltr'><strong>et‘⁰</strong></span> <span class='ocrx_word' id='word_1_168' title='bbox 582 630 642 649; x_wconf 86' lang='lat' dir='ltr'><strong>dum¹¹</strong></span> <span class='ocrx_word' id='word_1_169' title='bbox 656 630 730 649; x_wconf 73' lang='lat' dir='ltr'><strong>factum</strong></span> <span class='ocrx_word' id='word_1_170' title='bbox 743 636 808 649; x_wconf 76' lang='lat' dir='ltr'><strong>reeens</strong></span> <span class='ocrx_word' id='word_1_171' title='bbox 821 630 887 652; x_wconf 70' lang='lat' dir='ltr'><strong>fuerit,</strong></span> <span class='ocrx_word' id='word_1_172' title='bbox 899 635 943 648; x_wconf 83' lang='lat' dir='ltr'><strong>cum</strong></span> 
     </span>
     <span class='ocr_line' id='line_1_18' title="bbox 147 659 943 680; baseline -0.001 -1"><span class='ocrx_word' id='word_1_173' title='bbox 147 660 230 679; x_wconf 83' lang='lat' dir='ltr'><strong>elamore</strong></span> <span class='ocrx_word' id='word_1_174' title='bbox 241 663 261 680; x_wconf 82' lang='lat' dir='ltr'><strong>et</strong></span> <span class='ocrx_word' id='word_1_175' title='bbox 271 660 358 679; x_wconf 84' lang='lat' dir='ltr'><strong>huthesio</strong></span> <span class='ocrx_word' id='word_1_176' title='bbox 370 660 459 679; x_wconf 73' lang='lat' dir='ltr'>accedere</span> <span class='ocrx_word' id='word_1_177' title='bbox 470 660 526 679; x_wconf 82' lang='lat' dir='ltr'><strong>debet</strong></span> <span class='ocrx_word' id='word_1_178' title='bbox 537 659 563 679; x_wconf 79' lang='lat' dir='ltr'><strong>ad</strong></span> <span class='ocrx_word' id='word_1_179' title='bbox 574 659 643 679; x_wconf 82' lang='lat' dir='ltr'><strong>villaa&#39;¹</strong></span> <span class='ocrx_word' id='word_1_180' title='bbox 655 659 726 679; x_wconf 73' lang='lat' dir='ltr'><strong>vicinas</strong></span> <span class='ocrx_word' id='word_1_181' title='bbox 738 661 758 678; x_wconf 95' lang='lat' dir='ltr'><strong>et</strong></span> <span class='ocrx_word' id='word_1_182' title='bbox 769 659 795 678; x_wconf 88' lang='lat' dir='ltr'><strong>ibi</strong></span> <span class='ocrx_word' id='word_1_183' title='bbox 807 659 897 678; x_wconf 78' lang='lat' dir='ltr'><strong>iniuriam</strong></span> <span class='ocrx_word' id='word_1_184' title='bbox 908 659 943 678; x_wconf 84' lang='lat' dir='ltr'><strong>sibi</strong></span> 
     </span>
     <span class='ocr_line' id='line_1_19' title="bbox 147 688 943 715; baseline -0.003 -6"><span class='ocrx_word' id='word_1_185' title='bbox 147 690 221 709; x_wconf 75' lang='lat' dir='ltr'><strong>illatam</strong></span> <span class='ocrx_word' id='word_1_186' title='bbox 235 690 300 715; x_wconf 79' lang='lat' dir='ltr'><strong>probis</strong></span> <span class='ocrx_word' id='word_1_187' title='bbox 314 689 421 709; x_wconf 80' lang='lat' dir='ltr'><strong>hominibus</strong></span> <span class='ocrx_word' id='word_1_188' title='bbox 435 689 541 711; x_wconf 74' lang='lat' dir='ltr'><strong>ostendere,</strong></span> <span class='ocrx_word' id='word_1_189' title='bbox 554 689 669 714; x_wconf 77' lang='lat' dir='ltr'><strong>sanguinem</strong></span> <span class='ocrx_word' id='word_1_190' title='bbox 682 691 701 708; x_wconf 83' lang='lat' dir='ltr'><strong>et</strong></span> <span class='ocrx_word' id='word_1_191' title='bbox 715 691 777 708; x_wconf 81' lang='lat' dir='ltr'><strong>vestes</strong></span> <span class='ocrx_word' id='word_1_192' title='bbox 791 695 835 708; x_wconf 84' lang='lat' dir='ltr'><strong>suas</strong></span> <span class='ocrx_word' id='word_1_193' title='bbox 849 688 943 713; x_wconf 81' lang='lat' dir='ltr'><strong>sang-uine</strong></span> 
     </span>
     <span class='ocr_line' id='line_1_20' title="bbox 147 718 943 743; baseline -0.001 -5"><span class='ocrx_word' id='word_1_194' title='bbox 147 719 223 742; x_wconf 79' lang='lat' dir='ltr'><strong>tinetas,</strong></span> <span class='ocrx_word' id='word_1_195' title='bbox 232 722 251 739; x_wconf 86' lang='lat' dir='ltr'><strong>et</strong></span> <span class='ocrx_word' id='word_1_196' title='bbox 259 719 341 738; x_wconf 85' lang='lat' dir='ltr'><strong>vestium</strong></span> <span class='ocrx_word' id='word_1_197' title='bbox 348 719 452 738; x_wconf 81' lang='lat' dir='ltr'><strong>scissiones.</strong></span> <span class='ocrx_word' id='word_1_198' title='bbox 461 719 490 738; x_wconf 82' lang='lat' dir='ltr'><strong>Et</strong></span> <span class='ocrx_word' id='word_1_199' title='bbox 498 719 525 738; x_wconf 85' lang='lat' dir='ltr'><strong>sic</strong></span> <span class='ocrx_word' id='word_1_200' title='bbox 532 719 560 738; x_wconf 85' lang='lat' dir='ltr'><strong>ire</strong></span> <span class='ocrx_word' id='word_1_201' title='bbox 568 719 625 738; x_wconf 80' lang='lat' dir='ltr'><strong>debet</strong></span> <span class='ocrx_word' id='word_1_202' title='bbox 633 718 672 738; x_wconf 60' lang='grc' dir='ltr'><strong>ΜΨ</strong></span> <span class='ocrx_word' id='word_1_203' title='bbox 681 718 806 743; x_wconf 73' lang='lat' dir='ltr'><strong>praepositum</strong></span> <span class='ocrx_word' id='word_1_204' title='bbox 813 718 914 740; x_wconf 82' lang='lat' dir='ltr'><strong>hundredi,</strong></span> <span class='ocrx_word' id='word_1_205' title='bbox 923 720 943 737; x_wconf 84' lang='lat' dir='ltr'><strong>et</strong></span> 
     </span>
     <span class='ocr_line' id='line_1_21' title="bbox 147 747 942 773; baseline -0.003 -5"><span class='ocrx_word' id='word_1_206' title='bbox 147 749 172 768; x_wconf 89' lang='lat' dir='ltr'><strong>ad</strong></span> <span class='ocrx_word' id='word_1_207' title='bbox 180 749 293 768; x_wconf 77' lang='lat' dir='ltr'><strong>servientem</strong></span> <span class='ocrx_word' id='word_1_208' title='bbox 301 749 373 768; x_wconf 85' lang='lat' dir='ltr'><strong>domini</strong></span> <span class='ocrx_word' id='word_1_209' title='bbox 380 749 431 773; x_wconf 79' lang='lat' dir='ltr'><strong>regis</strong></span> <span class='ocrx_word' id='word_1_210' title='bbox 438 751 458 768; x_wconf 83' lang='lat' dir='ltr'><strong>et</strong></span> <span class='ocrx_word' id='word_1_211' title='bbox 466 749 491 768; x_wconf 84' lang='lat' dir='ltr'><strong>ad</strong></span> <span class='ocrx_word' id='word_1_212' title='bbox 499 750 621 768; x_wconf 71' lang='lat' dir='ltr'><strong>coronatores</strong></span> <span class='ocrx_word' id='word_1_213' title='bbox 629 751 649 767; x_wconf 88' lang='lat' dir='ltr'><strong>et</strong></span> <span class='ocrx_word' id='word_1_214' title='bbox 657 748 682 767; x_wconf 79' lang='lat' dir='ltr'><strong>ad</strong></span> <span class='ocrx_word' id='word_1_215' title='bbox 689 748 824 767; x_wconf 73' lang='lat' dir='ltr'><strong>vicecomitem.</strong></span> <span class='ocrx_word' id='word_1_216' title='bbox 833 748 862 766; x_wconf 85' lang='lat' dir='ltr'><strong>Et</strong></span> <span class='ocrx_word' id='word_1_217' title='bbox 871 748 896 767; x_wconf 86' lang='lat' dir='ltr'><strong>ad</strong></span> <span class='ocrx_word' id='word_1_218' title='bbox 904 747 942 772; x_wconf 85' lang='lat' dir='ltr'><strong>pri-</strong></span> 
     </span>
     <span class='ocr_line' id='line_1_22' title="bbox 147 777 943 803; baseline -0.003 -5"><span class='ocrx_word' id='word_1_219' title='bbox 147 785 200 798; x_wconf 90' lang='lat' dir='ltr'><strong>mum</strong></span> <span class='ocrx_word' id='word_1_220' title='bbox 210 778 324 798; x_wconf 81' lang='lat' dir='ltr'><strong>comitatum</strong></span> <span class='ocrx_word' id='word_1_221' title='bbox 334 778 406 797; x_wconf 75' lang='lat' dir='ltr'><strong>faciet‘·</strong></span> <span class='ocrx_word' id='word_1_222' title='bbox 417 778 516 803; x_wconf 83' lang='lat' dir='ltr'><strong>appellum</strong></span> <span class='ocrx_word' id='word_1_223' title='bbox 527 784 589 800; x_wconf 83' lang='lat' dir='ltr'><strong>suum,</strong></span> <span class='ocrx_word' id='word_1_224' title='bbox 600 778 636 797; x_wconf 86' lang='lat' dir='ltr'><strong>nisi</strong></span> <span class='ocrx_word' id='word_1_225' title='bbox 647 778 675 797; x_wconf 82' lang='lat' dir='ltr'><strong>ita</strong></span> <span class='ocrx_word' id='word_1_226' title='bbox 685 777 710 797; x_wconf 85' lang='lat' dir='ltr'><strong>sit</strong></span> <span class='ocrx_word' id='word_1_227' title='bbox 721 777 773 802; x_wconf 89' lang='lat' dir='ltr'><strong>quod</strong></span> <span class='ocrx_word' id='word_1_228' title='bbox 784 777 893 796; x_wconf 74' lang='lat' dir='ltr'><strong>immediate</strong></span> <span class='ocrx_word' id='word_1_229' title='bbox 904 779 943 796; x_wconf 84' lang='lat' dir='ltr'><strong>sta-</strong></span> 
     </span>
     <span class='ocr_line' id='line_1_23' title="bbox 146 806 942 833; baseline -0.003 -6"><span class='ocrx_word' id='word_1_230' title='bbox 146 808 196 828; x_wconf 73' lang='lat' dir='ltr'><strong>tim’⁸</strong></span> <span class='ocrx_word' id='word_1_231' title='bbox 206 808 265 827; x_wconf 61' lang='lat' dir='ltr'><strong>swein</strong></span> <span class='ocrx_word' id='word_1_232' title='bbox 275 808 372 833; x_wconf 70' lang='lat' dir='ltr'><strong>querelam</strong></span> <span class='ocrx_word' id='word_1_233' title='bbox 382 814 437 827; x_wconf 68' lang='lat' dir='ltr'><strong>suam</strong></span> <span class='ocrx_word' id='word_1_234' title='bbox 447 807 525 827; x_wconf 87' lang='lat' dir='ltr'><strong>domino</strong></span> <span class='ocrx_word' id='word_1_235' title='bbox 535 808 576 832; x_wconf 76' lang='lat' dir='ltr'><strong>regi</strong></span> <span class='ocrx_word' id='word_1_236' title='bbox 586 807 617 826; x_wconf 88' lang='lat' dir='ltr'><strong>vel</strong></span> <span class='ocrx_word' id='word_1_237' title='bbox 627 807 732 826; x_wconf 74' lang='lat' dir='ltr'><strong>iustitiariis</strong></span> <span class='ocrx_word' id='word_1_238' title='bbox 742 807 787 829; x_wconf 78' lang='lat' dir='ltr'><strong>suis,</strong></span> <span class='ocrx_word' id='word_1_239' title='bbox 798 806 845 826; x_wconf 81' lang='lat' dir='ltr'><strong>uhi’·</strong></span> <span class='ocrx_word' id='word_1_240' title='bbox 854 806 942 825; x_wconf 61' lang='lat' dir='ltr'><strong>dioeturfl</strong></span> 
     </span>
     <span class='ocr_line' id='line_1_24' title="bbox 147 836 943 863; baseline -0.003 -6"><span class='ocrx_word' id='word_1_241' title='bbox 147 838 179 857; x_wconf 82' lang='lat' dir='ltr'><strong>ei¹¹</strong></span> <span class='ocrx_word' id='word_1_242' title='bbox 190 838 242 863; x_wconf 88' lang='lat' dir='ltr'><strong>quod</strong></span> <span class='ocrx_word' id='word_1_243' title='bbox 254 840 346 863; x_wconf 83' lang='lat' dir='ltr'><strong>sequatur</strong></span> <span class='ocrx_word' id='word_1_244' title='bbox 358 838 383 857; x_wconf 83' lang='lat' dir='ltr'><strong>ad</strong></span> <span class='ocrx_word' id='word_1_245' title='bbox 395 838 513 857; x_wconf 80' lang='lat' dir='ltr'><strong>comitatum.</strong></span> <span class='ocrx_word' id='word_1_246' title='bbox 526 837 555 856; x_wconf 86' lang='lat' dir='ltr'><strong>Et</strong></span> <span class='ocrx_word' id='word_1_247' title='bbox 568 837 589 856; x_wconf 87' lang='lat' dir='ltr'><strong>in</strong></span> <span class='ocrx_word' id='word_1_248' title='bbox 600 837 668 856; x_wconf 88' lang='lat' dir='ltr'><strong>rotulis</strong></span> <span class='ocrx_word' id='word_1_249' title='bbox 681 839 816 856; x_wconf 80' lang='lat' dir='ltr'><strong>coronatorum</strong></span> <span class='ocrx_word' id='word_1_250' title='bbox 829 836 943 855; x_wconf 85' lang='lat' dir='ltr'><strong>irrotuletur</strong></span> 
     </span>
     <span class='ocr_line' id='line_1_25' title="bbox 147 866 943 892; baseline -0.001 -6"><span class='ocrx_word' id='word_1_251' title='bbox 147 867 247 892; x_wconf 83' lang='lat' dir='ltr'><strong>appellum</strong></span> <span class='ocrx_word' id='word_1_252' title='bbox 256 874 313 887; x_wconf 91' lang='lat' dir='ltr'><strong>suum</strong></span> <span class='ocrx_word' id='word_1_253' title='bbox 322 870 342 886; x_wconf 83' lang='lat' dir='ltr'><strong>et</strong></span> <span class='ocrx_word' id='word_1_254' title='bbox 351 867 417 886; x_wconf 77' lang='lat' dir='ltr'><strong>omnia</strong></span> <span class='ocrx_word' id='word_1_255' title='bbox 426 867 485 886; x_wconf 80' lang='lat' dir='ltr'><strong>verba</strong></span> <span class='ocrx_word' id='word_1_256' title='bbox 495 867 573 892; x_wconf 71' lang='lat' dir='ltr'><strong>appelli,</strong></span> <span class='ocrx_word' id='word_1_257' title='bbox 584 866 689 886; x_wconf 77' lang='lat' dir='ltr'><strong>secundum</strong></span> <span class='ocrx_word' id='word_1_258' title='bbox 699 866 751 891; x_wconf 89' lang='lat' dir='ltr'><strong>quod</strong></span> <span class='ocrx_word' id='word_1_259' title='bbox 761 866 809 885; x_wconf 88' lang='lat' dir='ltr'><strong>illud</strong></span> <span class='ocrx_word' id='word_1_260' title='bbox 820 866 943 891; x_wconf 82' lang='lat' dir='ltr'><strong>proposuerit</strong></span> 
     </span>
     <span class='ocr_line' id='line_1_26' title="bbox 147 895 943 922; baseline -0.003 -6"><span class='ocrx_word' id='word_1_261' title='bbox 147 903 182 922; x_wconf 87' lang='lat' dir='ltr'><strong>per</strong></span> <span class='ocrx_word' id='word_1_262' title='bbox 191 897 285 919; x_wconf 77' lang='lat' dir='ltr'><strong>ordinm,</strong></span> <span class='ocrx_word' id='word_1_263' title='bbox 294 899 313 916; x_wconf 89' lang='lat' dir='ltr'><strong>et</strong></span> <span class='ocrx_word' id='word_1_264' title='bbox 323 903 385 916; x_wconf 75' lang='lat' dir='ltr'><strong>annus</strong></span> <span class='ocrx_word' id='word_1_265' title='bbox 395 899 415 916; x_wconf 86' lang='lat' dir='ltr'><strong>et</strong></span> <span class='ocrx_word' id='word_1_266' title='bbox 424 897 464 916; x_wconf 82' lang='lat' dir='ltr'><strong>dies</strong></span> <span class='ocrx_word' id='word_1_267' title='bbox 473 896 542 921; x_wconf 77' lang='lat' dir='ltr'><strong>quibus</strong></span> <span class='ocrx_word' id='word_1_268' title='bbox 553 896 620 915; x_wconf 77' lang='lat' dir='ltr'><strong>feeerit</strong></span> <span class='ocrx_word' id='word_1_269' title='bbox 629 896 729 921; x_wconf 80' lang='lat' dir='ltr'><strong>appellum</strong></span> <span class='ocrx_word' id='word_1_270' title='bbox 739 902 801 915; x_wconf 89' lang='lat' dir='ltr'><strong>suum.</strong></span> <span class='ocrx_word' id='word_1_271' title='bbox 812 895 855 914; x_wconf 65' lang='grc' dir='ltr'><strong>ΕΒ·</strong></span> <span class='ocrx_word' id='word_1_272' title='bbox 865 895 943 914; x_wconf 75' lang='lat' dir='ltr'><strong>dabitur</strong></span> 
     </span>
     <span class='ocr_line' id='line_1_27' title="bbox 147 924 943 951; baseline -0.001 -6"><span class='ocrx_word' id='word_1_273' title='bbox 147 927 187 946; x_wconf 87' lang='lat' dir='ltr'><strong>dies</strong></span> <span class='ocrx_word' id='word_1_274' title='bbox 196 926 216 945; x_wconf 90' lang='lat' dir='ltr'><strong>in</strong></span> <span class='ocrx_word' id='word_1_275' title='bbox 225 926 311 945; x_wconf 86' lang='lat' dir='ltr'><strong>adventu</strong></span> <span class='ocrx_word' id='word_1_276' title='bbox 319 926 471 948; x_wconf 83' lang='lat' dir='ltr'><strong>iustitiariorum,</strong></span> <span class='ocrx_word' id='word_1_277' title='bbox 481 926 506 945; x_wconf 76' lang='lat' dir='ltr'><strong>ad</strong></span> <span class='ocrx_word' id='word_1_278' title='bbox 516 932 573 951; x_wconf 86' lang='lat' dir='ltr'><strong>quem</strong></span> <span class='ocrx_word' id='word_1_279' title='bbox 582 926 652 945; x_wconf 84' lang='lat' dir='ltr'><strong>iterum</strong></span> <span class='ocrx_word' id='word_1_280' title='bbox 662 928 760 950; x_wconf 73' lang='lat' dir='ltr'><strong>proponat</strong></span> <span class='ocrx_word' id='word_1_281' title='bbox 769 924 848 944; x_wconf 64' lang='grc' dir='ltr'><strong>οοηιτι*ο</strong></span> <span class='ocrx_word' id='word_1_282' title='bbox 858 924 898 944; x_wconf 80' lang='lat' dir='ltr'><strong>eis&#39;¹</strong></span> <span class='ocrx_word' id='word_1_283' title='bbox 908 931 943 949; x_wconf 82' lang='lat' dir='ltr'><strong>ap-</strong></span> 
     </span>
     <span class='ocr_line' id='line_1_28' title="bbox 147 954 942 981; baseline -0.003 -6"><span class='ocrx_word' id='word_1_284' title='bbox 147 956 221 981; x_wconf 82' lang='lat' dir='ltr'><strong>pellum</strong></span> <span class='ocrx_word' id='word_1_285' title='bbox 229 956 299 975; x_wconf 86' lang='lat' dir='ltr'><strong>suum¹¹</strong></span> <span class='ocrx_word' id='word_1_286' title='bbox 308 962 343 981; x_wconf 86' lang='lat' dir='ltr'><strong>per</strong></span> <span class='ocrx_word' id='word_1_287' title='bbox 352 956 420 975; x_wconf 79' lang='lat' dir='ltr'><strong>eadem</strong></span> <span class='ocrx_word' id='word_1_288' title='bbox 428 955 487 975; x_wconf 77' lang='lat' dir='ltr'><strong>verba</strong></span> <span class='ocrx_word' id='word_1_289' title='bbox 496 955 565 980; x_wconf 84' lang='lat' dir='ltr'><strong>quibus</strong></span> <span class='ocrx_word' id='word_1_290' title='bbox 575 955 677 980; x_wconf 82' lang='lat' dir='ltr'><strong>proposuit</strong></span> <span class='ocrx_word' id='word_1_291' title='bbox 685 955 706 974; x_wconf 87' lang='lat' dir='ltr'><strong>in</strong></span> <span class='ocrx_word' id='word_1_292' title='bbox 715 955 813 977; x_wconf 81' lang='lat' dir='ltr'><strong>comitatu,</strong></span> <span class='ocrx_word' id='word_1_293' title='bbox 823 957 843 974; x_wconf 81' lang='lat' dir='ltr'><strong>et</strong></span> <span class='ocrx_word' id='word_1_294' title='bbox 852 961 864 973; x_wconf 81' lang='lat' dir='ltr'><strong>a</strong></span> <span class='ocrx_word' id='word_1_295' title='bbox 873 954 942 979; x_wconf 83' lang='lat' dir='ltr'><strong>quibus</strong></span> 
     </span>
     <span class='ocr_line' id='line_1_29' title="bbox 147 984 942 1010; baseline -0.004 -5"><span class='ocrx_word' id='word_1_296' title='bbox 147 985 235 1005; x_wconf 74' lang='lat' dir='ltr'><strong>reoedexe</strong></span> <span class='ocrx_word' id='word_1_297' title='bbox 245 992 284 1004; x_wconf 91' lang='lat' dir='ltr'><strong>non</strong></span> <span class='ocrx_word' id='word_1_298' title='bbox 293 985 357 1007; x_wconf 80' lang='lat' dir='ltr'><strong>licet,¹¹</strong></span> <span class='ocrx_word' id='word_1_299' title='bbox 367 991 392 1004; x_wconf 88' lang='lat' dir='ltr'><strong>ne</strong></span> <span class='ocrx_word' id='word_1_300' title='bbox 401 985 458 1004; x_wconf 74' lang='lat' dir='ltr'><strong>cadat</strong></span> <span class='ocrx_word' id='word_1_301' title='bbox 468 985 568 1010; x_wconf 80' lang='lat' dir='ltr'><strong>appellum</strong></span> <span class='ocrx_word' id='word_1_302' title='bbox 578 987 659 1009; x_wconf 83' lang='lat' dir='ltr'><strong>propter</strong></span> <span class='ocrx_word' id='word_1_303' title='bbox 669 984 800 1006; x_wconf 83' lang='lat' dir='ltr'><strong>variationem,</strong></span> <span class='ocrx_word' id='word_1_304' title='bbox 811 984 860 1003; x_wconf 84' lang='lat' dir='ltr'><strong>sicut</strong></span> <span class='ocrx_word' id='word_1_305' title='bbox 870 984 890 1002; x_wconf 90' lang='lat' dir='ltr'><strong>in</strong></span> <span class='ocrx_word' id='word_1_306' title='bbox 901 984 942 1003; x_wconf 85' lang='lat' dir='ltr'><strong>aliis</strong></span> 
     </span>
     <span class='ocr_line' id='line_1_30' title="bbox 148 1013 942 1040; baseline -0.003 -6"><span class='ocrx_word' id='word_1_307' title='bbox 148 1015 235 1040; x_wconf 82' lang='lat' dir='ltr'><strong>appellis.</strong></span> <span class='ocrx_word' id='word_1_308' title='bbox 242 1015 271 1034; x_wconf 88' lang='lat' dir='ltr'><strong>Et</strong></span> <span class='ocrx_word' id='word_1_309' title='bbox 278 1015 354 1034; x_wconf 78' lang='lat' dir='ltr'><strong>cautela</strong></span> <span class='ocrx_word' id='word_1_310' title='bbox 359 1017 388 1034; x_wconf 90' lang='lat' dir='ltr'><strong>est</strong></span> <span class='ocrx_word' id='word_1_311' title='bbox 395 1014 415 1033; x_wconf 90' lang='lat' dir='ltr'><strong>in</strong></span> <span class='ocrx_word' id='word_1_312' title='bbox 422 1014 500 1039; x_wconf 78' lang='lat' dir='ltr'><strong>appello</strong></span> <span class='ocrx_word' id='word_1_313' title='bbox 507 1015 544 1034; x_wconf 78' lang='lat' dir='ltr'><strong>isto</strong></span> <span class='ocrx_word' id='word_1_314' title='bbox 551 1017 570 1033; x_wconf 88' lang='lat' dir='ltr'><strong>et</strong></span> <span class='ocrx_word' id='word_1_315' title='bbox 577 1014 597 1033; x_wconf 92' lang='lat' dir='ltr'><strong>in</strong></span> <span class='ocrx_word' id='word_1_316' title='bbox 604 1014 645 1033; x_wconf 84' lang='lat' dir='ltr'><strong>aliis</strong></span> <span class='ocrx_word' id='word_1_317' title='bbox 653 1014 740 1039; x_wconf 85' lang='lat' dir='ltr'><strong>appellis,</strong></span> <span class='ocrx_word' id='word_1_318' title='bbox 748 1014 800 1038; x_wconf 86' lang='lat' dir='ltr'><strong>quod</strong></span> <span class='ocrx_word' id='word_1_319' title='bbox 807 1014 870 1038; x_wconf 88' lang='lat' dir='ltr'><strong>primo</strong></span> <span class='ocrx_word' id='word_1_320' title='bbox 877 1013 942 1032; x_wconf 76' lang='lat' dir='ltr'><strong>audia-</strong></span> 
     </span>
     <span class='ocr_line' id='line_1_31' title="bbox 146 1042 942 1070; baseline -0.004 -6"><span class='ocrx_word' id='word_1_321' title='bbox 146 1047 180 1064; x_wconf 84' lang='lat' dir='ltr'><strong>tur</strong></span> <span class='ocrx_word' id='word_1_322' title='bbox 193 1045 292 1070; x_wconf 85' lang='lat' dir='ltr'><strong>appellum</strong></span> <span class='ocrx_word' id='word_1_323' title='bbox 305 1044 330 1063; x_wconf 88' lang='lat' dir='ltr'><strong>ab</strong></span> <span class='ocrx_word' id='word_1_324' title='bbox 343 1044 455 1069; x_wconf 85' lang='lat' dir='ltr'><strong>appellante</strong></span> <span class='ocrx_word' id='word_1_325' title='bbox 467 1046 487 1063; x_wconf 82' lang='lat' dir='ltr'><strong>et</strong></span> <span class='ocrx_word' id='word_1_326' title='bbox 501 1046 569 1069; x_wconf 75' lang='lat' dir='ltr'><strong>postea</strong></span> <span class='ocrx_word' id='word_1_327' title='bbox 581 1043 691 1063; x_wconf 81' lang='lat' dir='ltr'><strong>irrotulatio</strong></span> <span class='ocrx_word' id='word_1_328' title='bbox 704 1045 845 1065; x_wconf 73' lang='lat' dir='ltr'><strong>coronatorum,</strong></span> <span class='ocrx_word' id='word_1_329' title='bbox 860 1042 942 1067; x_wconf 81' lang='lat' dir='ltr'><strong>qualiter</strong></span> 
     </span>
     <span class='ocr_line' id='line_1_32' title="bbox 147 1072 942 1099; baseline -0.003 -6"><span class='ocrx_word' id='word_1_330' title='bbox 147 1074 247 1099; x_wconf 83' lang='lat' dir='ltr'><strong>appellum</strong></span> <span class='ocrx_word' id='word_1_331' title='bbox 255 1073 307 1093; x_wconf 75' lang='lat' dir='ltr'><strong>illud</strong></span> <span class='ocrx_word' id='word_1_332' title='bbox 312 1074 387 1093; x_wconf 67' lang='lat' dir='ltr'><strong>sacham</strong></span> <span class='ocrx_word' id='word_1_333' title='bbox 396 1073 448 1093; x_wconf 67' lang='lat' dir='ltr'><strong>fuitu</strong></span> <span class='ocrx_word' id='word_1_334' title='bbox 457 1073 477 1092; x_wconf 91' lang='lat' dir='ltr'><strong>in</strong></span> <span class='ocrx_word' id='word_1_335' title='bbox 486 1073 605 1095; x_wconf 78' lang='lat' dir='ltr'><strong>comitatum,</strong></span> <span class='ocrx_word' id='word_1_336' title='bbox 614 1076 633 1092; x_wconf 86' lang='lat' dir='ltr'><strong>et</strong></span> <span class='ocrx_word' id='word_1_337' title='bbox 642 1073 678 1092; x_wconf 84' lang='lat' dir='ltr'><strong>hoc</strong></span> <span class='ocrx_word' id='word_1_338' title='bbox 686 1073 729 1092; x_wconf 80' lang='lat' dir='ltr'><strong>ideo</strong></span> <span class='ocrx_word' id='word_1_339' title='bbox 738 1079 762 1092; x_wconf 79' lang='lat' dir='ltr'><strong>ne</strong></span> <span class='ocrx_word' id='word_1_340' title='bbox 772 1073 787 1092; x_wconf 88' lang='lat' dir='ltr'><strong>si</strong></span> <span class='ocrx_word' id='word_1_341' title='bbox 796 1072 855 1092; x_wconf 86' lang='lat' dir='ltr'><strong>rotuli</strong></span> <span class='ocrx_word' id='word_1_342' title='bbox 864 1078 942 1091; x_wconf 78' lang='lat' dir='ltr'><strong>corona—</strong></span> 
     </span>
     <span class='ocr_line' id='line_1_33' title="bbox 146 1102 942 1128; baseline -0.001 -6"><span class='ocrx_word' id='word_1_343' title='bbox 146 1105 212 1122; x_wconf 75' lang='lat' dir='ltr'><strong>‘mrum</strong></span> <span class='ocrx_word' id='word_1_344' title='bbox 219 1103 273 1128; x_wconf 89' lang='lat' dir='ltr'><strong>prius</strong></span> <span class='ocrx_word' id='word_1_345' title='bbox 281 1103 397 1128; x_wconf 79' lang='lat' dir='ltr'><strong>legerentur,</strong></span> <span class='ocrx_word' id='word_1_346' title='bbox 405 1105 469 1128; x_wconf 83' lang='lat' dir='ltr'><strong>posset</strong></span> <span class='ocrx_word' id='word_1_347' title='bbox 477 1103 578 1128; x_wconf 80' lang='lat' dir='ltr'><strong>appellans</strong></span> <span class='ocrx_word' id='word_1_348' title='bbox 586 1109 621 1127; x_wconf 87' lang='lat' dir='ltr'><strong>per</strong></span> <span class='ocrx_word' id='word_1_349' title='bbox 629 1102 671 1122; x_wconf 79' lang='lat' dir='ltr'><strong>illos</strong></span> <span class='ocrx_word' id='word_1_350' title='bbox 680 1109 735 1122; x_wconf 87' lang='lat' dir='ltr'><strong>suum</strong></span> <span class='ocrx_word' id='word_1_351' title='bbox 744 1102 829 1121; x_wconf 76' lang='lat' dir='ltr'><strong>formare</strong></span> <span class='ocrx_word' id='word_1_352' title='bbox 837 1102 942 1127; x_wconf 75' lang='lat' dir='ltr'><strong>appellum.</strong></span> 
     </span>
     <span class='ocr_line' id='line_1_34' title="bbox 147 1132 505 1157; baseline -0.003 -5"><span class='ocrx_word' id='word_1_353' title='bbox 147 1132 227 1152; x_wconf 68' lang='lat' dir='ltr'><strong>Verba⁸</strong></span> <span class='ocrx_word' id='word_1_354' title='bbox 236 1135 302 1152; x_wconf 73' lang='lat' dir='ltr'><strong>autem</strong></span> <span class='ocrx_word' id='word_1_355' title='bbox 311 1132 383 1157; x_wconf 79' lang='lat' dir='ltr'><strong>appelli</strong></span> <span class='ocrx_word' id='word_1_356' title='bbox 392 1135 438 1152; x_wconf 84' lang='lat' dir='ltr'><strong>sunt</strong></span> <span class='ocrx_word' id='word_1_357' title='bbox 446 1132 505 1151; x_wconf 56' lang='lat' dir='ltr'><strong>luecst‘</strong></span> 
     </span>
    </p>
   </div>
   <div class='ocr_carea' id='block_1_3' title="bbox 147 1177 943 1401">
    <p class='ocr_par' dir='ltr' id='par_1_3' title="bbox 147 1177 943 1401">
     <span class='ocr_line' id='line_1_35' title="bbox 147 1177 943 1199; baseline -0.003 -4"><span class='ocrx_word' id='word_1_358' title='bbox 147 1179 181 1199; x_wconf 53' lang='lat' dir='ltr'><strong>ut,</strong></span> <span class='ocrx_word' id='word_1_359' title='bbox 189 1180 209 1199; x_wconf 90' lang='lat' dir='ltr'><strong>v,</strong></span> <span class='ocrx_word' id='word_1_360' title='bbox 217 1180 252 1199; x_wconf 80' lang='lat'><strong>01³,</strong></span> <span class='ocrx_word' id='word_1_361' title='bbox 261 1180 299 1199; x_wconf 98' lang='lat' dir='ltr'><strong>MA,</strong></span> <span class='ocrx_word' id='word_1_362' title='bbox 308 1180 349 1198; x_wconf 66' lang='lat' dir='ltr'><strong>Ma,</strong></span> <span class='ocrx_word' id='word_1_363' title='bbox 358 1185 393 1199; x_wconf 63' lang='lat' dir='ltr'><strong>om,</strong></span> <span class='ocrx_word' id='word_1_364' title='bbox 402 1180 441 1198; x_wconf 75' lang='lat' dir='ltr'><strong>Mu,</strong></span> <span class='ocrx_word' id='word_1_365' title='bbox 450 1179 487 1195; x_wconf 85' lang='lat' dir='ltr'><strong>CM.</strong></span> <span class='ocrx_word' id='word_1_366' title='bbox 507 1179 513 1188; x_wconf 87' lang='lat'><strong>·</strong></span> <span class='ocrx_word' id='word_1_367' title='bbox 519 1181 551 1198; x_wconf 55' lang='lat' dir='ltr'><strong>Aut,</strong></span> <span class='ocrx_word' id='word_1_368' title='bbox 561 1179 594 1198; x_wconf 96' lang='lat' dir='ltr'><strong>LA,</strong></span> <span class='ocrx_word' id='word_1_369' title='bbox 603 1179 623 1194; x_wconf 70' lang='lat' dir='ltr'><strong>v.</strong></span> <span class='ocrx_word' id='word_1_370' title='bbox 643 1178 656 1187; x_wconf 77' lang='lat'><strong>¹⁰</strong></span> <span class='ocrx_word' id='word_1_371' title='bbox 662 1178 732 1198; x_wconf 63' lang='lat' dir='ltr'><strong>quium,</strong></span> <span class='ocrx_word' id='word_1_372' title='bbox 741 1178 775 1197; x_wconf 89' lang='lat' dir='ltr'><strong>oc,</strong></span> <span class='ocrx_word' id='word_1_373' title='bbox 785 1178 824 1197; x_wconf 81' lang='lat' dir='ltr'><strong>MG,</strong></span> <span class='ocrx_word' id='word_1_374' title='bbox 833 1178 870 1193; x_wconf 89' lang='lat' dir='ltr'><strong>CM.</strong></span> <span class='ocrx_word' id='word_1_375' title='bbox 890 1177 904 1186; x_wconf 84' lang='lat'><strong>¹¹</strong></span> <span class='ocrx_word' id='word_1_376' title='bbox 909 1182 943 1193; x_wconf 73' lang='lat' dir='ltr'><strong>m-</strong></span> 
     </span>
     <span class='ocr_line' id='line_1_36' title="bbox 147 1203 943 1225; baseline -0.003 -5"><span class='ocrx_word' id='word_1_377' title='bbox 147 1205 260 1225; x_wconf 58' lang='lat' dir='ltr'><strong>penaemm,</strong></span> <span class='ocrx_word' id='word_1_378' title='bbox 269 1205 291 1223; x_wconf 66' lang='lat' dir='ltr'><strong>v,</strong></span> <span class='ocrx_word' id='word_1_379' title='bbox 299 1210 335 1224; x_wconf 70' lang='lat' dir='ltr'><strong>m,</strong></span> <span class='ocrx_word' id='word_1_380' title='bbox 343 1205 378 1224; x_wconf 82' lang='lat' dir='ltr'><strong>oA,</strong></span> <span class='ocrx_word' id='word_1_381' title='bbox 386 1205 420 1223; x_wconf 92' lang='lat' dir='ltr'><strong>LA,</strong></span> <span class='ocrx_word' id='word_1_382' title='bbox 429 1205 449 1224; x_wconf 83' lang='lat' dir='ltr'><strong>Y,</strong></span> <span class='ocrx_word' id='word_1_383' title='bbox 458 1205 497 1224; x_wconf 81' lang='lat' dir='ltr'><strong>Mo,</strong></span> <span class='ocrx_word' id='word_1_384' title='bbox 506 1204 540 1224; x_wconf 76' lang='lat' dir='ltr'><strong>CE,</strong></span> <span class='ocrx_word' id='word_1_385' title='bbox 549 1205 586 1224; x_wconf 83' lang='lat' dir='ltr'><strong>CM,</strong></span> <span class='ocrx_word' id='word_1_386' title='bbox 595 1204 630 1223; x_wconf 81' lang='lat' dir='ltr'><strong>oa,</strong></span> <span class='ocrx_word' id='word_1_387' title='bbox 639 1204 673 1223; x_wconf 86' lang='lat' dir='ltr'><strong>oc,</strong></span> <span class='ocrx_word' id='word_1_388' title='bbox 682 1204 720 1222; x_wconf 90' lang='lat' dir='ltr'><strong>MA,</strong></span> <span class='ocrx_word' id='word_1_389' title='bbox 729 1204 768 1222; x_wconf 82' lang='lat' dir='ltr'><strong>Ma,</strong></span> <span class='ocrx_word' id='word_1_390' title='bbox 777 1204 814 1219; x_wconf 71' lang='lat' dir='ltr'><strong>Mc,</strong></span> <span class='ocrx_word' id='word_1_391' title='bbox 834 1203 894 1222; x_wconf 55' lang='lat'><strong>¹⁸02,</strong></span> <span class='ocrx_word' id='word_1_392' title='bbox 904 1203 943 1222; x_wconf 83' lang='lat' dir='ltr'><strong>Mo,</strong></span> 
     </span>
     <span class='ocr_line' id='line_1_37' title="bbox 147 1228 942 1250; baseline -0.004 -4"><span class='ocrx_word' id='word_1_393' title='bbox 147 1231 184 1246; x_wconf 81' lang='lat' dir='ltr'><strong>CM.</strong></span> <span class='ocrx_word' id='word_1_394' title='bbox 206 1230 296 1250; x_wconf 66' lang='lat' dir='ltr'><strong>”po-«unc,</strong></span> <span class='ocrx_word' id='word_1_395' title='bbox 307 1231 326 1249; x_wconf 92' lang='lat' dir='ltr'><strong>v,</strong></span> <span class='ocrx_word' id='word_1_396' title='bbox 338 1230 377 1249; x_wconf 79' lang='lat' dir='ltr'><strong>Mo,</strong></span> <span class='ocrx_word' id='word_1_397' title='bbox 388 1230 425 1249; x_wconf 89' lang='lat' dir='ltr'><strong>CM,</strong></span> <span class='ocrx_word' id='word_1_398' title='bbox 436 1230 470 1249; x_wconf 85' lang='lat' dir='ltr'><strong>oc,</strong></span> <span class='ocrx_word' id='word_1_399' title='bbox 482 1230 522 1248; x_wconf 72' lang='lat' dir='ltr'><strong>Ma,</strong></span> <span class='ocrx_word' id='word_1_400' title='bbox 534 1231 603 1249; x_wconf 73' lang='lat' dir='ltr'><strong>pamm,</strong></span> <span class='ocrx_word' id='word_1_401' title='bbox 615 1229 652 1245; x_wconf 93' lang='lat' dir='ltr'><strong>MA.</strong></span> <span class='ocrx_word' id='word_1_402' title='bbox 674 1229 714 1248; x_wconf 60' lang='lat'><strong>¹⁴02,</strong></span> <span class='ocrx_word' id='word_1_403' title='bbox 726 1229 746 1248; x_wconf 81' lang='lat' dir='ltr'><strong>v,</strong></span> <span class='ocrx_word' id='word_1_404' title='bbox 757 1229 792 1247; x_wconf 89' lang='lat' dir='ltr'><strong>0A,</strong></span> <span class='ocrx_word' id='word_1_405' title='bbox 804 1229 841 1244; x_wconf 82' lang='lat' dir='ltr'><strong>Ma.</strong></span> <span class='ocrx_word' id='word_1_406' title='bbox 864 1228 942 1243; x_wconf 67' lang='lat' dir='ltr'><strong>“mm</strong></span> 
     </span>
     <span class='ocr_line' id='line_1_38' title="bbox 147 1254 943 1274; baseline -0.003 -3"><span class='ocrx_word' id='word_1_407' title='bbox 147 1257 168 1274; x_wconf 68' lang='lat' dir='ltr'><strong>et,</strong></span> <span class='ocrx_word' id='word_1_408' title='bbox 177 1255 211 1274; x_wconf 89' lang='lat' dir='ltr'><strong>LA,</strong></span> <span class='ocrx_word' id='word_1_409' title='bbox 221 1256 258 1271; x_wconf 90' lang='lat' dir='ltr'><strong>MC.</strong></span> <span class='ocrx_word' id='word_1_410' title='bbox 278 1255 339 1274; x_wconf 67' lang='lat' dir='ltr'><strong>fluunt,</strong></span> <span class='ocrx_word' id='word_1_411' title='bbox 348 1256 369 1274; x_wconf 93' lang='lat' dir='ltr'><strong>v,</strong></span> <span class='ocrx_word' id='word_1_412' title='bbox 378 1256 416 1271; x_wconf 72' lang='lat' dir='ltr'><strong>MA,</strong></span> <span class='ocrx_word' id='word_1_413' title='bbox 437 1254 496 1274; x_wconf 78' lang='lat' dir='ltr'><strong>¹¹0m.,</strong></span> <span class='ocrx_word' id='word_1_414' title='bbox 507 1255 545 1274; x_wconf 82' lang='lat' dir='ltr'><strong>Mo,</strong></span> <span class='ocrx_word' id='word_1_415' title='bbox 555 1255 593 1273; x_wconf 91' lang='lat' dir='ltr'><strong>CM,</strong></span> <span class='ocrx_word' id='word_1_416' title='bbox 603 1255 636 1270; x_wconf 88' lang='lat' dir='ltr'><strong>oc.</strong></span> <span class='ocrx_word' id='word_1_417' title='bbox 658 1254 671 1263; x_wconf 88' lang='lat'><strong>¹·</strong></span> <span class='ocrx_word' id='word_1_418' title='bbox 676 1255 780 1274; x_wconf 67' lang='lat' dir='ltr'><strong>conquiescat,</strong></span> <span class='ocrx_word' id='word_1_419' title='bbox 790 1254 813 1272; x_wconf 73' lang='lat' dir='ltr'><strong>v;</strong></span> <span class='ocrx_word' id='word_1_420' title='bbox 823 1255 893 1274; x_wconf 70' lang='lat' dir='ltr'><strong>quiescit,</strong></span> <span class='ocrx_word' id='word_1_421' title='bbox 904 1254 943 1272; x_wconf 78' lang='lat' dir='ltr'><strong>Mo,</strong></span> 
     </span>
     <span class='ocr_line' id='line_1_39' title="bbox 148 1279 942 1300; baseline -0.003 -4"><span class='ocrx_word' id='word_1_422' title='bbox 148 1281 184 1296; x_wconf 87' lang='lat' dir='ltr'><strong>CM.</strong></span> <span class='ocrx_word' id='word_1_423' title='bbox 204 1281 218 1290; x_wconf 84' lang='lat'><strong>¹·</strong></span> <span class='ocrx_word' id='word_1_424' title='bbox 224 1282 289 1299; x_wconf 65' lang='lat' dir='ltr'><strong>mma,</strong></span> <span class='ocrx_word' id='word_1_425' title='bbox 299 1281 319 1299; x_wconf 91' lang='lat' dir='ltr'><strong>v,</strong></span> <span class='ocrx_word' id='word_1_426' title='bbox 327 1280 362 1300; x_wconf 93' lang='lat' dir='ltr'><strong>oA,</strong></span> <span class='ocrx_word' id='word_1_427' title='bbox 372 1281 406 1299; x_wconf 86' lang='lat' dir='ltr'><strong>LA,</strong></span> <span class='ocrx_word' id='word_1_428' title='bbox 415 1281 437 1299; x_wconf 81' lang='lat' dir='ltr'><strong>Y;</strong></span> <span class='ocrx_word' id='word_1_429' title='bbox 447 1282 464 1296; x_wconf 72' lang='lat' dir='ltr'><strong>in</strong></span> <span class='ocrx_word' id='word_1_430' title='bbox 474 1281 537 1299; x_wconf 66' lang='lat' dir='ltr'><strong>remim,</strong></span> <span class='ocrx_word' id='word_1_431' title='bbox 546 1280 580 1296; x_wconf 76' lang='lat' dir='ltr'><strong>oe.</strong></span> <span class='ocrx_word' id='word_1_432' title='bbox 600 1279 633 1289; x_wconf 82' lang='lat'><strong>¹¹¹¹¹</strong></span> <span class='ocrx_word' id='word_1_433' title='bbox 639 1285 678 1299; x_wconf 79' lang='lat' dir='ltr'><strong>cum,</strong></span> <span class='ocrx_word' id='word_1_434' title='bbox 688 1280 722 1299; x_wconf 81' lang='lat' dir='ltr'><strong>oa,</strong></span> <span class='ocrx_word' id='word_1_435' title='bbox 732 1280 771 1299; x_wconf 91' lang='lat' dir='ltr'><strong>MA,</strong></span> <span class='ocrx_word' id='word_1_436' title='bbox 781 1280 819 1295; x_wconf 76' lang='lat' dir='ltr'><strong>Ma.</strong></span> <span class='ocrx_word' id='word_1_437' title='bbox 840 1279 899 1298; x_wconf 68' lang='lat' dir='ltr'><strong>nom„</strong></span> <span class='ocrx_word' id='word_1_438' title='bbox 909 1279 942 1294; x_wconf 78' lang='lat' dir='ltr'><strong>cr..</strong></span> 
     </span>
     <span class='ocr_line' id='line_1_40' title="bbox 147 1304 943 1325; baseline -0.003 -3"><span class='ocrx_word' id='word_1_439' title='bbox 147 1306 234 1325; x_wconf 65' lang='lat' dir='ltr'><strong>urm-m,</strong></span> <span class='ocrx_word' id='word_1_440' title='bbox 241 1306 280 1325; x_wconf 76' lang='lat' dir='ltr'><strong>Mo,</strong></span> <span class='ocrx_word' id='word_1_441' title='bbox 287 1306 324 1321; x_wconf 89' lang='lat' dir='ltr'><strong>cM.</strong></span> <span class='ocrx_word' id='word_1_442' title='bbox 343 1306 356 1315; x_wconf 86' lang='lat'><strong>·¹</strong></span> <span class='ocrx_word' id='word_1_443' title='bbox 362 1305 403 1325; x_wconf 56' lang='grc' dir='ltr'><strong>οη,</strong></span> <span class='ocrx_word' id='word_1_444' title='bbox 410 1306 449 1324; x_wconf 80' lang='lat' dir='ltr'><strong>MG,</strong></span> <span class='ocrx_word' id='word_1_445' title='bbox 457 1306 493 1321; x_wconf 90' lang='lat' dir='ltr'><strong>CM.</strong></span> <span class='ocrx_word' id='word_1_446' title='bbox 512 1305 585 1324; x_wconf 65' lang='lat' dir='ltr'><strong>’‘t-eine,</strong></span> <span class='ocrx_word' id='word_1_447' title='bbox 593 1306 628 1324; x_wconf 80' lang='lat' dir='ltr'><strong>oa,</strong></span> <span class='ocrx_word' id='word_1_448' title='bbox 636 1305 674 1324; x_wconf 94' lang='lat' dir='ltr'><strong>MA,</strong></span> <span class='ocrx_word' id='word_1_449' title='bbox 682 1305 721 1324; x_wconf 78' lang='lat' dir='ltr'><strong>Ma,</strong></span> <span class='ocrx_word' id='word_1_450' title='bbox 728 1305 765 1323; x_wconf 76' lang='lat' dir='ltr'><strong>oC;</strong></span> <span class='ocrx_word' id='word_1_451' title='bbox 774 1305 818 1324; x_wconf 60' lang='lat' dir='ltr'><strong>rme,</strong></span> <span class='ocrx_word' id='word_1_452' title='bbox 826 1304 865 1320; x_wconf 83' lang='lat' dir='ltr'><strong>Mo.</strong></span> <span class='ocrx_word' id='word_1_453' title='bbox 883 1304 897 1313; x_wconf 79' lang='lat'><strong>⁸·</strong></span> <span class='ocrx_word' id='word_1_454' title='bbox 903 1304 943 1322; x_wconf 65' lang='grc' dir='ltr'><strong>οη,</strong></span> 
     </span>
     <span class='ocr_line' id='line_1_41' title="bbox 147 1329 943 1351; baseline -0.003 -4"><span class='ocrx_word' id='word_1_455' title='bbox 147 1332 182 1347; x_wconf 50' lang='grc' dir='ltr'><strong>ομ</strong></span> <span class='ocrx_word' id='word_1_456' title='bbox 199 1331 232 1340; x_wconf 66' lang='grc' dir='ltr'><em>Μ</em></span> <span class='ocrx_word' id='word_1_457' title='bbox 238 1334 256 1347; x_wconf 74' lang='grc' dir='ltr'><strong>ιιι</strong></span> <span class='ocrx_word' id='word_1_458' title='bbox 262 1331 328 1350; x_wconf 66' lang='lat' dir='ltr'><strong>dicatur,</strong></span> <span class='ocrx_word' id='word_1_459' title='bbox 334 1332 368 1351; x_wconf 84' lang='lat' dir='ltr'><strong>oc,</strong></span> <span class='ocrx_word' id='word_1_460' title='bbox 375 1331 413 1350; x_wconf 90' lang='lat' dir='ltr'><strong>cM,</strong></span> <span class='ocrx_word' id='word_1_461' title='bbox 421 1331 454 1347; x_wconf 80' lang='lat' dir='ltr'><strong>Mo</strong></span> <span class='ocrx_word' id='word_1_462' title='bbox 464 1331 547 1350; x_wconf 62' lang='lat' dir='ltr'><strong>(rum).</strong></span> <span class='ocrx_word' id='word_1_463' title='bbox 565 1330 578 1339; x_wconf 88' lang='lat'><strong>¹·</strong></span> <span class='ocrx_word' id='word_1_464' title='bbox 584 1331 624 1350; x_wconf 80' lang='lat' dir='ltr'><strong>0m.,</strong></span> <span class='ocrx_word' id='word_1_465' title='bbox 631 1331 666 1350; x_wconf 79' lang='lat' dir='ltr'><strong>oa,</strong></span> <span class='ocrx_word' id='word_1_466' title='bbox 674 1330 712 1349; x_wconf 91' lang='lat' dir='ltr'><strong>MA,</strong></span> <span class='ocrx_word' id='word_1_467' title='bbox 720 1330 757 1346; x_wconf 74' lang='lat' dir='ltr'><strong>Ma.</strong></span> <span class='ocrx_word' id='word_1_468' title='bbox 776 1329 809 1339; x_wconf 79' lang='lat'>·····</span> <span class='ocrx_word' id='word_1_469' title='bbox 815 1330 855 1349; x_wconf 69' lang='lat' dir='ltr'><strong>om„</strong></span> <span class='ocrx_word' id='word_1_470' title='bbox 863 1330 897 1349; x_wconf 88' lang='lat' dir='ltr'><strong>LA,</strong></span> <span class='ocrx_word' id='word_1_471' title='bbox 904 1330 943 1349; x_wconf 87' lang='lat' dir='ltr'><strong>MA,</strong></span> 
     </span>
     <span class='ocr_line' id='line_1_42' title="bbox 147 1355 943 1377; baseline -0.003 -5"><span class='ocrx_word' id='word_1_472' title='bbox 147 1357 162 1372; x_wconf 76' lang='lat' dir='ltr'>Y</span> <span class='ocrx_word' id='word_1_473' title='bbox 171 1357 215 1377; x_wconf 75' lang='lat'>(÷)-</span> <span class='ocrx_word' id='word_1_474' title='bbox 234 1356 267 1366; x_wconf 61' lang='grc' dir='ltr'><strong>-Μ</strong></span> <span class='ocrx_word' id='word_1_475' title='bbox 273 1357 313 1376; x_wconf 64' lang='lat' dir='ltr'><strong>om„</strong></span> <span class='ocrx_word' id='word_1_476' title='bbox 321 1357 355 1375; x_wconf 77' lang='lat' dir='ltr'><strong>oa,</strong></span> <span class='ocrx_word' id='word_1_477' title='bbox 363 1357 401 1375; x_wconf 78' lang='lat' dir='ltr'><strong>Ma,</strong></span> <span class='ocrx_word' id='word_1_478' title='bbox 409 1357 443 1375; x_wconf 72' lang='lat' dir='ltr'><strong>elz,</strong></span> <span class='ocrx_word' id='word_1_479' title='bbox 451 1357 487 1372; x_wconf 87' lang='lat' dir='ltr'><strong>MC.</strong></span> <span class='ocrx_word' id='word_1_480' title='bbox 505 1355 519 1365; x_wconf 77' lang='lat'><strong>⁸·</strong></span> <span class='ocrx_word' id='word_1_481' title='bbox 525 1356 582 1375; x_wconf 69' lang='lat' dir='ltr'><strong>limbst,</strong></span> <span class='ocrx_word' id='word_1_482' title='bbox 590 1356 625 1374; x_wconf 75' lang='lat' dir='ltr'><strong>on,</strong></span> <span class='ocrx_word' id='word_1_483' title='bbox 632 1356 671 1374; x_wconf 88' lang='lat' dir='ltr'><strong>MA,</strong></span> <span class='ocrx_word' id='word_1_484' title='bbox 678 1356 717 1374; x_wconf 75' lang='lat' dir='ltr'><strong>Mn,</strong></span> <span class='ocrx_word' id='word_1_485' title='bbox 725 1355 758 1374; x_wconf 81' lang='lat' dir='ltr'><strong>CE,</strong></span> <span class='ocrx_word' id='word_1_486' title='bbox 766 1355 803 1371; x_wconf 88' lang='lat' dir='ltr'><strong>Me.</strong></span> <span class='ocrx_word' id='word_1_487' title='bbox 822 1355 836 1364; x_wconf 85' lang='lat'><strong>··</strong></span> <span class='ocrx_word' id='word_1_488' title='bbox 842 1355 895 1374; x_wconf 65' lang='lat' dir='ltr'><strong>sumt,</strong></span> <span class='ocrx_word' id='word_1_489' title='bbox 904 1355 943 1374; x_wconf 82' lang='lat' dir='ltr'><strong>Mo,</strong></span> 
     </span>
     <span class='ocr_line' id='line_1_43' title="bbox 148 1381 626 1401; baseline -0.004 -3"><span class='ocrx_word' id='word_1_490' title='bbox 148 1382 185 1401; x_wconf 87' lang='lat' dir='ltr'><strong>CM,</strong></span> <span class='ocrx_word' id='word_1_491' title='bbox 195 1382 228 1401; x_wconf 82' lang='lat' dir='ltr'><strong>LA,</strong></span> <span class='ocrx_word' id='word_1_492' title='bbox 237 1382 258 1401; x_wconf 76' lang='lat' dir='ltr'><strong>Y,</strong></span> <span class='ocrx_word' id='word_1_493' title='bbox 267 1382 303 1397; x_wconf 90' lang='lat' dir='ltr'><strong>MC.</strong></span> <span class='ocrx_word' id='word_1_494' title='bbox 323 1381 356 1391; x_wconf 81' lang='lat'><em>·····</em></span> <span class='ocrx_word' id='word_1_495' title='bbox 362 1382 402 1400; x_wconf 78' lang='lat' dir='ltr'><strong>cm,</strong></span> <span class='ocrx_word' id='word_1_496' title='bbox 411 1382 446 1401; x_wconf 78' lang='lat' dir='ltr'><strong>on,</strong></span> <span class='ocrx_word' id='word_1_497' title='bbox 455 1381 493 1400; x_wconf 85' lang='lat' dir='ltr'><strong>MA,</strong></span> <span class='ocrx_word' id='word_1_498' title='bbox 503 1381 541 1400; x_wconf 72' lang='lat' dir='ltr'><strong>Mn,</strong></span> <span class='ocrx_word' id='word_1_499' title='bbox 550 1381 584 1400; x_wconf 73' lang='lat' dir='ltr'><strong>ca,</strong></span> <span class='ocrx_word' id='word_1_500' title='bbox 593 1381 626 1397; x_wconf 72' lang='grc' dir='ltr'><strong>οε.</strong></span> 
     </span>
    </p>
   </div>
  </div>
 </body>
</html>
