1173 1660
233 159 270 176 202
500 156 611 172 BRACTON:
623 157 653 172 DE
665 157 761 172 LEGIBUS

233 197 291 219 patre
304 194 335 214 vel
347 197 409 214 matre
423 195 526 214 feofl'atore
539 194 667 220 praemortuis,
680 195 749 214 herede
763 201 802 214 non
815 194 912 216 maritata,
927 194 1030 219 pertinebit

233 224 358 249 maritagium
370 224 394 243 ad
406 224 491 249 primum
503 225 633 246 feoffatorem,
645 231 680 243 nec
691 226 779 244 mutatur
791 224 839 243 ordo
851 230 886 243 nec
898 224 994 249 prioritas.
1009 224 1030 243 Si

234 256 299 273 autem
310 254 420 273 immediate
431 254 456 273 de
467 254 581 279 capitalibus
594 254 681 276 dominis,
694 254 756 273 adhuc
768 254 816 273 illud
828 254 879 273 idem
891 254 1029 276 observabitur,

234 284 281 303 dum
289 286 355 303 tamen
363 284 420 303 simul
428 286 448 303 et
456 284 514 303 semel
523 286 542 303 et
551 284 618 303 eodem
626 286 719 309 tempore,
729 284 775 308 quia
784 284 799 303 si
808 283 864 303 aliter
873 285 929 306 esset,
939 283 981 302 seiri
991 290 1030 302 non

234 316 299 338 posset
308 313 350 338 quis
358 313 459 338 ipsorum”
468 316 517 333 esset
525 313 546 332 in
554 313 657 338 maritagio
666 313 804 338 praeferendus.
815 313 836 332 Si
846 315 911 332 autem
920 315 977 338 pater
986 313 1030 332 vel¹¹

234 345 296 362 mater
306 349 346 362 non
355 343 412 362 simul
421 344 455 363 sed
464 343 544 363 diversis
553 343 673 368 temporibus
683 343 807 362 feofl’averint
817 343 907 362 heredem
917 343 941 362 de
951 343 1030 362 diversis

234 373 302 395 feodis,
313 373 390 393 tenendi
400 373 425 392 de
435 380 455 392 se
465 373 495 392 vel
505 373 529 392 de
539 373 620 392 dominis
630 373 751 398 capitalibus,
761 375 781 392 et
791 373 807 392 si
817 373 899 392 dominis
910 372 1030 397 capitalibus,

233 405 281 422 tunc
288 405 376 422 mutatur
384 403 432 422 ordo
439 402 506 428 primae
514 402 626 428 prioritatis,
635 405 654 422 et
661 405 715 422 tenet
724 408 785 422 novus
793 403 841 422 ordo
849 402 894 421 novi
903 402 1029 421 feoffamenti.

235 432 257 452 Si
266 435 331 452 autem
341 433 365 452 de
373 439 393 452 se
402 435 422 452 et
430 432 531 452 heredibus
541 432 585 455 suis,
595 432 657 452 adhue
666 435 720 452 tenet
730 435 785 452 vetus
795 432 843 451 ordo
852 435 873 452 et
882 432 978 457 prioritas,
988 438 1030 457 quae

234 469 273 482 uon
280 465 369 482 mutatur
377 465 472 487 quantum
479 463 505 482 ad
512 469 604 487 personas
613 468 680 482 eorum
688 469 724 487 per
732 469 804 481 novum
813 462 967 484 feoffamentum,
976 464 996 481 et
1005 462 1030 481 ad

234 492 280 511 eos¹¹
293 492 397 517 pertinebit
409 492 534 517 maritagium
547 492 639 517 quamdiu
651 492 740 511 vixerint.
755 491 797 511 Illis
811 491 890 511 auten?
903 492 1030 517 premor-tuis,

234 520 303 541 herede
313 528 352 541 non
362 522 459 544 maritate,
469 528 514 541 cum
524 522 578 541 heres
590 522 664 541 ratione
674 521 797 541 successionis
808 524 949 541 antecessorum
960 524 980 541 et
991 528 1030 541 non

234 552 356 571 feoffamenti
368 552 404 571 sibi
416 551 463 571 facti
476 551 555 576 incipiat
567 558 608 571 esse
620 551 656 571 sub
668 553 765 576 potestate
777 551 890 576 capitalium
903 551 1030 573 dominorum,

234 581 323 606 reincipit
329 588 370 601 esse
377 581 451 606 primus
458 581 506 600 ordo
513 581 619 606 prioritatis
627 581 659 606 qui
667 583 753 600 mutatus
761 581 800 600 fuit
808 583 828 600 et
835 581 929 600 alteratus
936 587 972 606 per
980 581 1030 600 feei*-

234 611 343 630 famentum
352 611 432 630 heredis.
443 611 472 630 Et
482 611 534 635 quod
544 610 617 630 dictum
626 613 656 630 est
665 611 690 630 de
700 610 740 630 filio
750 612 842 630 antenaco
852 613 872 630 et
882 610 957 633 herede,
967 610 1030 629 locum

234 641 292 660 habet
302 641 323 660 in
333 641 373 660 filio
384 642 481 665 postnetu,
493 640 508 659 si
519 643 564 665 post
575 641 724 660 feoffamentum
735 647 791 660 suum
802 640 903 665 contingat
914 640 978 665 ipsum
990 646 1030 659 esse

234 670 328 690 heredem.
340 670 362 690 Si
373 672 438 689 autem
448 677 493 692 non,
503 672 569 689 teneat
580 670 729 689 feoffamentum
739 672 758 689 et
769 670 894 694 maritagium
905 670 956 689 inter
966 670 1030 695 ipsum

234 702 253 719 et
262 702 371 719 warantum
380 706 441 719 auum.
452 700 474 719 Si
483 702 548 719 autem
558 702 615 724 pater
624 700 655 719 vel
663 702 726 719 mater
735 702 811 724 partem
821 699 932 719 hereditatis
942 699 1030 719 dederint

234 730 274 749 filio
281 732 300 749 et
307 730 372 749 heredi
379 730 436 749 simul
442 732 462 749 et
469 730 527 749 semel
534 729 565 748 vel
572 729 681 751 successive,
689 732 709 749 et
716 732 793 754 partem
801 729 921 751 retinuerint,
930 729 975 754 quid
983 729 1030 748 iuris

233 766 274 779 esse
284 759 353 779 debeat
363 759 387 778 de
396 759 499 783 maritagio
508 759 596 778 habendo
606 759 652 778 satis
663 759 704 778 elici
715 759 787 784 poterit
797 765 822 778 ex
832 759 940 784 praemissis.
952 759 1003 778 Item
1014 759 1029 777 ai

234 791 291 814 pater
300 791 320 808 et
329 791 391 808 mater
401 789 527 808 hereditatem
537 788 628 808 habentes
638 788 695 808 simul
705 788 735 808 vel
746 789 850 808 successive
859 788 949 808 heredem
960 788 1029 808 feoffa-

234 819 249 838 f.
256 819 291 842 91]
319 818 382 838 verint
391 818 421 837 vel
431 818 493 837 filium
503 820 616 843 postnatum
625 818 649 838 de
659 820 741 843 utraque
751 818 862 841 hereditate,
873 820 893 838 et
903 818 974 843 aliquid
985 818 1029 838 reti·

234 849 318 871 nuerint,
330 851 408 868 mortuo
419 851 461 868 tam
473 850 530 873 patre
542 854 601 873 quam
614 850 682 870 matre,
695 848 735 867 filio
748 848 801 867 infra
813 850 890 867 aetatem
903 848 997 868 existente
1009 850 1030 867 et

234 885 273 897 non
286 878 382 900 maritate,
395 878 432 897 erit
444 878 492 897 illud
505 878 556 902 quod
568 880 666 897 retentum
678 880 707 897 est
720 878 805 903 primum
818 878 973 900 feoffamentum,
985 884 1030 897 eum

233 908 287 927 heres
295 908 316 926 in
323 907 398 927 manus¹
407 908 528 927 dominorum
537 907 640 929 devenerit,
648 908 693 927 licet
701 907 749 927 illud
757 909 807 927 esset
816 907 906 927 ultimum
914 907 935 926 in
943 907 1029 932 personis

233 940 381 957 antecessorum.
391 937 443 956 Item
450 943 495 956 cum
503 937 564 956 filium
572 940 592 956 et
600 937 690 956 heredem
699 937 823 956 feoffnverint
832 937 856 957 de
866 939 948 962 utraque
956 937 1029 956 heredi-

234 969 275 987 tate
288 969 345 992 pater
357 969 377 986 et
389 969 452 986 mater
464 967 549 986 tenendi'
562 967 586 986 de
599 967 632 989 eis,
646 969 665 986 et
678 967 725 986 nihil
738 967 774 986 sibi
787 967 907 989 retinuerint,
921 969 968 986 tunc
981 967 1029 986 illud

234 997 314 1016 feodum
326 996 363 1016 erit
376 997 519 1021 praeferendum
532 996 584 1021 quod
598 996 636 1015 fuit
649 996 733 1021 primum
747 1003 782 1021 per
795 1003 868 1015 novum
881 996 1029 1015 feoffamentum

233 1027 312 1046 exclusa
325 1026 425 1051 prioritate
440 1026 559 1045 feoffationis
574 1028 721 1045 antecessorum.
737 1026 789 1045 Item
803 1028 845 1045 esto
860 1026 912 1051 quod
926 1026 1029 1045 successive

234 1056 359 1075 feoffaverint
368 1056 430 1075 filium
439 1058 552 1081 postnatum
561 1056 640 1075 tenendi
649 1056 673 1075 de
682 1062 702 1075 se
712 1058 731 1075 et
741 1056 842 1075 heredibus
851 1055 896 1077 suis,
905 1056 1030 1080 maritagium

234 1086 308 1105 heredis
319 1086 363 1105 talis
374 1086 399 1105 ad
410 1092 442 1104 eos
453 1085 566 1110 pertinebit:
577 1091 612 1104 nee
623 1085 712 1104 habenda
722 1088 751 1105 est
763 1085 813 1104 ratio
824 1088 919 1110 quantum
930 1085 955 1104 ad
966 1092 999 1104 eos
1010 1087 1029 1104 et

233 1116 312 1135 heredes
319 1122 363 1135 suos
369 1115 393 1134 de
400 1115 501 1140 prioritate
509 1115 636 1137 feoffamenti,
644 1121 688 1134 eum
695 1121 745 1134 unus
753 1115 777 1134 sit
784 1114 878 1134 feoffator
885 1117 904 1134 et
911 1121 962 1134 unus
969 1115 1029 1137 heres,

233 1145 270 1164 nisi
277 1145 306 1164 ita
313 1145 337 1164 sit
346 1145 397 1164 forte
405 1145 456 1169 quod
464 1144 495 1164 ille
503 1146 606 1169 postnatus
614 1145 668 1164 heres
677 1144 775 1166 efficiatur,
784 1151 823 1169 quo
831 1151 876 1163 casu
885 1144 989 1169 praefertur
997 1144 1029 1163 ine

234 1175 254 1193 in
263 1174 366 1199 maritagio
375 1174 462 1193 habendo
472 1174 495 1193 de
504 1174 558 1193 euius
568 1174 626 1193 feodo
636 1174 679 1193 talis
690 1174 735 1193 fuit·
745 1174 808 1199 primo
818 1174 918 1196 feoffatus,
928 1177 948 1193 et
957 1174 1029 1193 tenebit

234 1205 309 1224 nov-itas
318 1204 395 1223 exclusa
404 1206 505 1223 vetustate.
515 1204 580 1223 Aliter
590 1204 640 1223 enim
649 1206 699 1223 esset
708 1204 723 1223 si
732 1204 756 1223 de
766 1206 848 1229 utraque
857 1204 964 1223 hereditate
973 1204 1029 1223 simul

234 1234 265 1253 ex*
273 1236 315 1253 toto
322 1236 371 1253 esset
380 1233 479 1253 feoffatus.
488 1234 540 1253 Item
548 1236 567 1253 et
575 1234 642 1253 eodem
650 1233 707 1253 modo
715 1234 731 1253 si
739 1240 784 1253 eum
791 1233 844 1253 heres
853 1234 915 1259 patris
923 1234 954 1253 vel
961 1234 1029 1253 matris

233 1263 350 1283 feoffatoris‘
357 1263 410 1282 infra
416 1265 492 1282 aetatem
499 1266 519 1282 et
526 1263 546 1282 in
553 1263 640 1282 custodia
647 1263 719 1283 domini
727 1263 821 1288 capitalis,
828 1270 873 1283 cum
880 1265 971 1288 parentes
979 1263 1029 1283 seuf-

233 1314 309 1333 ··2⁰rum,
319 1314 352 1333 oc,
362 1314 400 1332 MG,
410 1314 447 1329 cmi
468 1313 507 1333 ¹¹22,
518 1314 556 1333 MG,
567 1314 603 1329 cn.
625 1313 691 1334 uipm,
701 1314 721 1333 v,
731 1313 765 1332 0A,
775 1314 809 1333 LA,
819 1314 852 1333 oe,
863 1314 899 1329 mc.
920 1313 996 1332 ”xa-nm,
1006 1313 1029 1331 V;

233 1344 268 1357 ‘m’
275 1339 338 1383 ιι(κζ-ιιι,
348 1364 382 1383 oc,
392 1364 431 1383 MG,
442 1364 478 1379 cM.
499 1364 580 1383 *tenende
590 1364 632 1382 MG;
643 1364 711 1383 tenena,
721 1364 768 1380 mss.
779 1369 812 1380 m.
833 1364 886 1384 ισω..
897 1364 931 1383 013,
942 1365 980 1384 MA,
991 1364 1030 1384 Ma,

234 1389 273 1407 uo,
281 1389 321 1408 cm
331 1389 384 1408 runt,
392 1389 426 1408 LA,
434 1389 471 1405 nc.
490 1389 519 1405 *ει
526 1395 551 1408 α,
559 1389 579 1408 v,
587 1390 621 1409 LA,
630 1389 663 1408 oc,
673 1390 709 1405 mc.
729 1389 735 1398 ¹
742 1389 830 1405 ‹eur-unu
839 1391 866 1408 ιη,
874 1390 897 1408 νς
907 1390 987 1408 immun,
996 1390 1029 1405 LA
