1173 1660
436 172 466 188 DE
478 172 580 188 PLACITIS
592 172 686 188 CORONAE
922 174 960 193 871

165 210 258 229 comitatu
264 210 350 229 Essexiae
356 210 481 235 promulgata
487 216 512 229 ex
518 210 628 235 ignorantia
634 210 732 235 processit,
739 210 788 229 nee⁸⁵
795 210 831 229 diei
838 211 910 235 poterit
917 217 961 230 eon-

165 242 233 259 tumsx
242 240 274 265 qui
283 240 303 258 in
311 246 350 258 uno
359 239 452 259 oomitatu
460 246 480 259 se
489 239 573 264 legitime
582 240 697 262 defenderit,
706 240 750 259 lieet
758 240 779 259 in
789 240 826 259 alio
835 240 927 259 comitatu
937 240 962 259 de

165 269 232 289 eodem
243 269 295 288 facto
306 269 366 288 fuerit
377 269 486 294 appellatus
497 271 517 288 et
527 269 627 293 utlagatus
638 276 662 288 ex
673 269 784 293 ignorantia
794 272 813 289 et
824 276 860 294 per
871 276 961 292 errorem,

165 299 189 318 de
197 299 276 318 consilio
284 301 399 323 magnatum
408 301 518 318 nostrorum
527 298 644 323 utlagariam
653 298 706 318 illam
715 299 788 318 nullam
798 305 838 318 esse
848 299 962 324 pronuntia-

165 335 214 351 mus,
222 331 241 348 et
249 328 302 347 illam
309 328 370 347 eidem
378 328 402 347 B.
411 328 426 347 si
434 334 473 353 qua
480 330 530 347 esset
537 328 692 353 perdonavimus.
701 328 730 347 Et
738 328 781 347 ideo
789 328 877 348 volumus
886 331 905 348 et
913 335 961 353 prae-

165 358 246 383 cipimus
257 358 308 383 quod
319 357 369 376 idem
379 358 404 376 B.
415 358 491 376 firmam
501 364 569 382 paoem
579 360 666 377 nostram
676 358 721 377 inde
731 357 801 377 habeat
812 358 961 383 imperpetuum.

166 387 180 406 f.
188 387 235 411 182]
263 387 293 406 Et
300 387 320 406 in
327 387 383 406 huius
390 387 418 406 rei
424 387 555 406 testimonium
563 389 652 406 eteeters.
661 388 712 407 Item
721 387 773 406 aliud
781 388 806 407 de
814 388 886 410 eodem,
895 388 910 407 si
919 388 962 413 quis

166 417 216 436 falso
224 423 289 435 eoram
296 416 401 436 iustitiariis
410 416 469 436 fuerit
477 416 581 436 indictstus
589 417 614 436 ab
621 417 685 442 aliquo
693 419 713 436 et
720 417 826 442 utlagatus,
835 417 860 436 ob
867 418 962 443 cupidita-

165 448 206 465 tem
213 449 270 465 terrae
277 452 316 465 suae
323 446 421 468 habendae,
430 448 449 465 et
457 448 525 470 postes
533 453 552 465 se
561 446 666 465 reddiderit
674 446 756 471 prisonae
765 447 837 466 domini
846 447 902 472 regis.

215 476 239 495 Si
246 476 288 501 qm's
295 475 346 499 falae
354 481 418 494 coram
426 475 532 495 ivutitiariis
539 476 600 499 fuerit
607 475 718 498 indictam,
726 479 745 495 et
753 479 822 501 panea
828 483 849 496 ee
857 476 962 496 reddiderit

215 506 299 530 pdeonae
305 505 362 530 reyie,
368 505 449 524 remittit
456 511 491 524 rea·
497 505 620 530 utlaqariam.

165 535 214 554 sz
223 534 328 554 viceoomiti
338 534 425 554 salutem.
436 535 541 554 Ostensum
551 537 580 554 est
590 535 644 554 nobis
654 541 678 554 ex
688 537 744 560 parte
754 535 781 554 A.
792 536 843 560 quod
853 542 898 555 <mm
907 542 962 560 pere

165 571 200 589 gre
211 565 311 589 profectus
322 567 371 583 esset
382 567 470 589 tempore
481 571 519 589 quo
530 564 627 583 iustitiarii
638 565 699 584 nostri
711 565 779 584 ultimo
791 565 930 584 itineraverunt
941 565 963 584 in

165 594 254 619 partibus
261 594 306 616 tuis,
313 594 392 618 quidam
400 600 424 613 ex
432 594 497 613 vicinis
505 594 565 619 ipsius
573 594 600 613 A.
608 596 681 613 terram
688 601 743 613 suam
751 595 856 619 cupientes,
865 601 909 614 eum
917 595 962 614 inde

165 623 266 648 culpabilis
277 630 316 642 non
326 623 357 646 sit,
367 624 461 643 malitiose
473 623 561 643 fecerunt
571 630 616 643 eum
627 624 715 643 indictari
726 624 750 643 de
761 624 867 646 latrocinio.
879 626 898 643 et
910 624 962 649 quod

165 659 210 672 eum
219 653 263 672 inde
272 653 322 672 male
331 653 460 675 erediderunt,
470 656 490 672 et
499 653 527 672 ita
536 653 588 678 quod
598 660 609 672 s
620 653 707 678 praefatis
717 653 822 673 iustitiariis
832 654 903 673 nostris
913 660 961 678 prae-

165 685 243 707 eeptum
252 682 291 702 fuit
300 683 351 707 quod
360 682 396 702 nisi
405 683 478 702 veniret
487 683 513 702 sd
522 683 613 702 standum
622 685 675 702 recto
684 683 708 702 de
717 683 809 708 praedicto
818 683 961 705 indictamento,

165 712 275 737 exigeretur
283 712 308 731 de
315 712 408 731 comitatu
416 712 437 731 in
444 712 558 731 comitatum
565 714 585 731 et
593 712 698 731 seeundum
707 712 762 737 regni
771 713 831 731 nostri
840 712 961 732 consuetudi-

165 748 209 761 nem
217 742 345 766 utlagaretur.
354 741 413 764 Quod
420 748 464 761 eum
472 741 522 761 idem
531 742 557 761 A.
566 742 583 761 a¹
592 741 747 766 peregrinatione
756 748 843 761 reversus
852 742 961 764 audivisset,

165 771 190 790 de
200 771 309 790 innocentia
321 773 340 790 et
352 771 445 790 fidelitate
457 777 492 790 sua
503 771 592 793 confisus,
604 771 688 790 reddidit
700 778 720 790 se
732 771 814 796 prisome
826 774 896 791 nostre
908 771 961 796 apud

165 800 224 820 talem
235 800 305 819 loeum'
317 803 421 825 antequam
433 803 482 820 esset
494 800 514 819 in
525 801 618 820 comitatu
630 803 664 820 tuo
675 801 781 825 utlagatus.
794 801 903 820 Comitatus
915 807 961 820 vero

165 832 210 849 tuus
218 830 255 849 hoc
263 831 360 855 ignorans,
369 833 392 849 ut
401 830 472 852 dixisti,
482 830 653 855 interrogationem
662 837 779 855 prosequens
789 830 885 855 inceptam
895 837 962 850 versus

165 860 230 884 ipsum
238 860 265 879 A.
275 860 363 882 eundem,
373 860 420 879 dum
430 860 469 879 fuit
479 860 499 879 in
509 860 588 885 prisona
597 860 699 885 utlagavit.
710 860 753 879 Nos
763 866 809 879 vero
819 860 962 885 simplicitatem

165 889 258 914 praedicti‘
267 889 293 908 A.
303 889 424 909 attendentes
433 892 453 909 et
461 889 591 914 ignorantiam
600 890 708 912 comitatus,
718 889 835 914 utlagariam
844 890 864 908 in
873 896 917 909 eum
926 889 962 908 hoc

165 919 222 938 modo
230 919 375 944 promulgatam
382 919 399 938 ei
407 919 562 944 perdonavimus,
570 919 598 938 its
606 919 658 944 quud
666 919 790 938 sufficientem
799 919 883 938 inveniat
892 919 961 938 securi-

165 951 226 968 tatem
234 949 259 967 ad
266 949 357 967 standum
365 951 417 967 recto
425 949 440 967 si
448 948 490 973 quis
499 955 564 968 versus
572 955 616 967 eum
624 948 676 973 loqui
684 948 772 967 voluerit.
781 948 810 967 Et
818 948 861 967 ideo
869 948 904 968 tibi
912 954 961 973 prae-

165 978 247 1003 cipimus
253 978 305 1003 quod
312 978 394 1003 acceptis
402 978 426 996 ab
433 984 455 997 eo
462 978 519 997 modo
526 978 619 1003 praedieto
626 978 683 997 salvis
690 980 710 997 et
717 978 788 997 securis
795 978 870 1002 plegiis,
878 978 942 1003 ipsum
950 984 962 997 a

165 1007 244 1032 prisona
251 1007 311 1027 facias
318 1007 425 1030 deliberari,
432 1010 452 1026 et
459 1007 537 1026 clamari
545 1007 605 1026 facias
613 1013 648 1032 per
654 1010 718 1026 totum
726 1007 838 1026 comitatum
845 1010 901 1026 tuum
909 1007 961 1032 quod

165 1037 242 1056 firmam
256 1043 324 1062 pacem
337 1039 424 1056 nostram
437 1036 513 1056 habeat.
528 1037 557 1055 Et
572 1037 623 1061 quod
638 1036 735 1056 occasione
750 1036 846 1061 praedictae
860 1036 961 1061 utlagariae

166 1066 230 1086 nullus
238 1067 254 1085 ei
262 1066 369 1085 molestiam
376 1066 449 1085 inferat
456 1073 490 1085 seu
497 1073 608 1091 gravamen.
617 1067 676 1085 Teste
684 1068 772 1085 etcetera.

215 1096 268 1115 Item
274 1096 291 1115 ei
296 1096 328 1115 ille
335 1096 368 1120 qui
374 1096 457 1120 interfit-*i
464 1095 530 1115 debuit
536 1102 595 1115 aarum
602 1098 622 1115 et
629 1095 683 1115 vivus
690 1095 774 1115 redierit.

165 1125 221 1144 I'ran
229 1126 244 1145 si
250 1125 339 1150 cuiquam
346 1125 458 1144 meticuloso
465 1125 577 1150 imponatur
581 1125 633 1150 quod
637 1125 733 1144 hominem
738 1125 862 1147 interfecerit,
867 1125 897 1143 vel
902 1124 961 1144 indie-

165 1157 218 1174 tstus
227 1155 287 1174 fuerit
295 1157 314 1174 et
323 1155 403 1179 fugerit,
412 1157 431 1174 et
439 1161 475 1180 per
484 1157 555 1174 sectam
564 1155 644 1174 alicuius
653 1155 758 1179 utlagatus,
768 1156 788 1173 et
797 1154 828 1174 ille
837 1154 870 1179 qui
879 1154 961 1173 interfici

165 1184 232 1204 debuit
244 1184 367 1209 postmodum
380 1190 438 1203 sanus
451 1187 470 1203 et
483 1184 537 1203 vivus
550 1186 650 1209 appareat,
664 1184 752 1203 dominus
765 1190 800 1203 rex
813 1184 837 1203 de
849 1184 913 1209 gratia
926 1190 962 1203 sua

165 1214 246 1233 remittit
254 1214 278 1233 ei‘
285 1214 402 1238 utlagariam
410 1220 445 1239 per
453 1213 488 1233 hoe
496 1214 558 1233 breve.

215 1244 279 1263 Breve
286 1243 310 1263 de
318 1249 340 1262 eo
348 1244 381 1268 qm'
387 1243 470 1268 interfici
477 1243 550 1264 debuit,
557 1243 574 1263 ei
580 1249 639 1262 sunm
647 1245 666 1263 et
674 1243 729 1262 vium
736 1245 850 1262 revertatur.

164 1273 213 1292 Rex
222 1273 327 1292 vicecomiti
337 1273 424 1292 salutem.
436 1273 489 1292 Scias
499 1273 551 1298 quod
561 1273 657 1292 iustitiarii
667 1273 729 1291 nostri
738 1273 771 1297 qui
782 1272 850 1291 ultimo
860 1272 961 1291 itiner-ave-

165 1305 211 1322 runt
220 1303 240 1322 in
248 1303 341 1322 comitatu
349 1304 390 1325 tuo,
400 1302 525 1322 recordantur
534 1302 586 1327 quod
595 1308 639 1321 eum
648 1302 675 1321 A.
685 1302 705 1321 in
714 1302 767 1321 curia
776 1304 843 1321 nostra
851 1308 916 1321 eoram
925 1301 960 1321 eis-

164 1355 177 1364 ·⁴
183 1361 220 1374 non,
227 1356 262 1374 013,
270 1356 308 1374 MA,
316 1355 354 1374 us,
362 1355 395 1371 cs.

206 1381 212 1390 ¹
218 1381 259 1400 On,
266 1381 299 1400 LA,
308 1381 337 1400 (ψ
343 1381 373 1400 Y).
391 1380 397 1389 ¹
403 1381 443 1399 οη,
450 1380 485 1399 013,
493 1380 530 1396 us.
549 1379 604 1399 mres,
611 1380 646 1398 013,
654 1380 692 1399 MA,
699 1380 737 1398 ΜΒ,
745 1380 781 1398 cs„
790 1380 844 1399 ipisus,
852 1380 888 1395 cu.
907 1380 960 1398 ὀμ,

164 1406 199 1425 01³,
208 1407 246 1425 MA,
255 1407 292 1422 ΜΒ,
