1173 1660
370 157 401 172 DE
413 157 564 175 ADQUIBENDO
575 157 654 172 RERUM
666 156 767 172 DOMINIO
931 157 967 176 271

173 195 223 214 dotis
231 201 275 214 cum
282 201 323 214 esse
331 201 370 214 non
378 195 447 214 debeat
454 194 548 217 indotata,
557 195 582 214 ad
590 196 688 214 tenentem
697 197 762 213 tamen
770 196 815 219 post
823 196 906 213 mortem
914 200 969 213 sunm

173 224 282 244 immediate
292 231 398 243 reversura.
410 224 457 243 Non
467 224 567 243 nominata
577 230 622 243 vero
633 224 670 243 dici
680 224 752 249 poterit
763 224 798 243 dos
809 223 835 243 et‘
846 223 925 245 ineerta,
936 223 969 242 ubi

173 254 215 279 quis
224 260 304 273 uxorem
313 260 368 273 suam
376 254 472 273 dotaverit
480 254 500 273 in
508 254 594 278 generali
603 254 627 273 de
635 253 723 272 omnihus
731 253 788 272 terris
798 255 817 273 et
826 253 940 272 tenementis
949 253 969 272 in

173 284 232 303 tertis
237 287 294 309 parte
301 284 400 308 adquisitis
407 286 426 303 et
433 283 561 308 adquirendis.
570 284 622 302 Item
629 283 679 302 sicut
684 283 756 308 poterit
764 282 806 307 quis
813 282 882 302 dotare
889 289 969 302 uxorem

174 320 229 333 suam
238 314 258 333 in
268 313 325 333 certis
334 314 391 333 terris
401 316 420 333 et
430 313 539 335 nominatis,
549 313 577 332 ita
587 313 659 338 poterit
669 319 712 332 enm
722 313 790 332 dotare
800 312 820 331 in
830 314 883 331 certa
894 318 969 331 mmmm

173 343 264 368 pecuniae,
273 343 312 362 sive
321 345 383 362 terras
391 342 486 362 habuerit*
495 342 534 362 sive
542 349 587 364 non,
597 345 619 361 ut
628 342 644 361 si
653 342 753 367 burgensis
763 342 822 361 fuerit
831 342 920 364 maxime,
930 342 969 361 sive

173 376 252 393 tenuras
259 373 347 392 habuerit
354 372 458 392 exteriores
465 373 504 391 sive
511 378 556 394 non,
564 372 604 391 sive
612 372 660 391 alius
667 374 735 391 tenens
743 372 832 391 exterior.
840 371 869 390 Et
878 378 916 396 quo
924 377 969 390 essu

173 409 218 422 eum
229 409 279 422 uxor
290 402 349 422 semel
360 404 451 421 contenta
463 408 482 421 se
493 402 578 421 tenuerit
590 401 614 421 de
626 408 701 421 summa
712 401 745 420 ills
757 401 800 426 pro‘
812 401 857 420 dote
870 407 910 423 sus,
922 401 969 420 nihil

173 432 257 457 amplius
266 434 333 457 petere
342 432 414 457 poterit
423 431 500 451 nomine
510 431 560 451 dotis
570 431 594 451 de
604 431 646 451 aliis
655 430 729 450 catallis
740 430 777 450 vel·
787 431 901 450 tenementis
911 437 969 455 quem

174 462 234 482 fuerit
246 462 263 481 ei
275 462 407 481 constitutum.
421 461 450 481 Et
462 461 514 480 unde
526 461 541 480 si
554 461 631 480 nomine
643 461 693 480 dotis
706 460 778 485 aliquid
791 463 846 485 petat
859 461 883 480 de
895 460 969 480 catallis

174 492 236 511 audiri
244 498 283 511 non
290 492 353 513 debet,
361 491 407 516 quis.
413 498 437 510 e:
443 491 517 510 ratione
525 491 577 515 quod
585 490 675 515 consequi
683 490 740 509 debet
747 490 833 515 plenarie
841 490 906 509 dotem
915 496 969 509 susm

175 527 233 546 quam
246 521 286 540 diu'
301 520 361 540 fuerit
374 520 442 540 unicus
456 520 529 542 obolus,
543 520 573 539 vel
587 522 682 545 quatenus
696 519 767 539 catalla
780 520 817 538 viri
831 519 932 542 sufficiant,
946 526 970 538 es

174 551 249 570 ratione
260 551 276 570 si
287 551 332 576 plus
343 550 369 569 ibi
380 550 440 570 fuerit
451 550 498 569 nihil
509 549 590 569 ulterius
602 552 737 574 consequetur:
749 552 769 568 et
782 549 830 569 sicut
843 549 885 568 vult
897 556 938 568 esse
950 549 970 568 in

174 581 228 600 lucro
239 583 334 605 quatenus
345 580 415 599 catalla
426 580 527 602 sufficiant,
539 580 566 598 its
577 586 618 598 esse
629 579 686 598 debet
697 579 717 598 in
729 579 800 598 damno
811 579 831 598 in
842 578 916 598 catallis
928 585 970 603 quae

174 610 278 629 excedunt:
288 616 313 629 ex
323 609 361 629 alia
370 611 435 629 tumen
445 615 503 628 esusa
513 615 571 634 quum
581 615 605 628 ex
615 615 673 628 eausa
683 608 739 631 dotis,
750 608 798 628 sieut
809 615 833 628 ex
844 614 902 627 cause
911 610 969 628 testa-

174 640 269 659 mentaria
281 640 311 659 vel
323 646 347 658 ex
358 639 496 658 consuetudine
507 638 617 663 approbata
628 638 709 657 ulterius
721 640 788 663 petere
800 638 878 663 poterit,
891 638 906 657 si
919 638 970 657 forte

174 669 204 688 vir
210 669 282 694 aliquid
288 669 306 688 ei
313 668 411 693 reliquerit
418 669 438 688 in
444 670 560 688 testamento
567 668 620 687 ultre
626 668 692 687 dotem
699 668 818 687 nominatam
825 668 856 686 vel
863 674 902 687 non
910 667 970 687 nomi-

175 701 247 721 nstsm,
256 701 329 718 certam
338 698 368 718 vel
377 698 475 717 incertam.
486 698 537 717 Item
547 700 566 717 et
575 698 625 717 sieut
634 697 706 722 poterit
715 697 805 716 oonstitui
815 697 849 716 dos
859 697 879 716 in
889 697 971 722 pecunia

174 731 282 751 numerata,
290 728 318 747 its
326 728 398 753 poterit
406 728 427 746 in
435 727 491 747 rebus
500 733 542 752 quae
549 727 657 746 consistunt
666 727 686 746 in
695 727 780 752 pondere
789 729 809 746 et
817 726 920 749 mensura-,⁸
929 729 970 746 tam

175 759 195 777 in
203 758 275 783 liquido
283 764 341 782 quum
349 758 369 777 in
377 757 443 779 solido,
451 759 471 776 et
479 757 528 776 sicut
535 757 556 776 in
563 757 600 776 isto
609 756 646 776 vel'
654 756 674 776 in
682 757 720 779 illo,
729 756 757 775 its.
764 759 784 776 et
793 756 812 775 in
821 758 909 781 utroque.
919 756 970 776 Item

175 788 265 807 constitui
274 788 347 812 poterit
356 787 390 806 dos
400 787 424 806 ab
434 793 473 806 uno
482 786 523 806 viro
533 789 573 806 tam
583 786 671 811 pluribus
681 786 773 805 uxoribus
783 792 841 811 quum
850 786 890 808 uni,
901 786 921 805 in
930 785 970 804 vita

145 837 147 839 ,
175 817 260 837 omnium
268 817 298 837 vel
306 817 409 837 successive
417 823 461 836 eum
468 816 589 839 deoesserint,
597 815 641 835 vel¹⁰
650 822 674 835 ex
682 822 801 840 quacumque
809 821 868 835 eausa
875 815 971 835 celebrato

175 847 263 869 divortio,
270 847 290 866 in
296 847 363 866 eodem
370 853 431 871 regno
437 846 468 865 vel
475 846 555 865 eadem¹¹
563 846 662 871 provincia
669 845 699 865 vel
706 845 791 864 diversis.
800 845 839 864 Sed
847 851 886 864 uns
894 845 970 864 illarum

175 877 217 896 aliis
226 876 355 902 praeferetur¹¹
365 876 385 895 in
394 875 444 895 dotis
455 875 554 901 petitione,
564 875 647 900 probato
657 875 677 894 in
687 875 731 894 foro
741 875 867 894 ecclesiastico
877 881 919 899 quae
929 874 970 894 illae

175 913 218 926 rum
227 907 252 926 sit
260 913 310 925 uxor
319 906 411 930 legitima,
420 905 450 925 vel
459 905 474 925 si
483 905 564 924 difficilis
573 905 598 924 sit
607 904 696 930 probatio
705 904 736 923 vel
745 905 822 924 deficiat
830 904 914 927 omnino,
923 906 971 923 tune

175 937 212 956 erit
220 936 254 956 ills
262 936 383 961 praeferenda
393 942 435 960 qum
444 935 464 954 in
473 935 591 960 possessione
601 935 637 954 viri
645 934 731 954 extiterit
741 937 828 959 tempore
837 934 905 954 mortis
915 934 970 953 viri-¹¹

176 966 198 986 Si
207 968 271 985 sutem
280 972 325 985 cum
333 966 389 990 quis¹¹
398 971 478 984 uxorem
487 965 575 984 habuerit
584 964 617 984 et¹¹
626 965 738 989 legitimam,
747 965 805 984 aliam
814 964 971 989 superinduxerit

175 996 209 1016 et¹⁸
216 996 337 1021 illegitimam
343 996 374 1015 vel
382 995 454 1020 plures,
462 995 548 1020 legitima
555 995 676 1020 praeferetur.
686 995 707 1014 Si
715 997 780 1014 autem
789 994 843 1014 nulls
850 1001 875 1013 ex
883 994 971 1019 pluribus

175 1026 196 1046 in
205 1026 323 1051 possessione
332 1025 424 1048 extiterit,
434 1031 468 1044 nee
478 1032 520 1050 quae
529 1025 605 1044 illarum
615 1025 701 1049 legitima
710 1025 797 1044 extiterit
806 1027 894 1044 constare
904 1025 971 1050 possit,

176 1059 223 1076 tunc
234 1056 288 1075 nulls
298 1056 375 1075 illerum
386 1055 480 1075 obtinebit
490 1061 527 1080 pro
538 1055 616 1074 defectu
627 1055 752 1080 probationis.
765 1055 817 1074 Item
829 1055 845 1074 si
856 1061 906 1074 uxor
918 1054 971 1073 um¹⁷

176 1086 264 1111 pluribus
273 1086 360 1111 nupserit
370 1086 390 1105 in
399 1085 439 1105 vits
447 1085 539 1107 omnium,
548 1091 592 1104 eum
602 1085 716 1104 decesserint
726 1085 750 1104 ab
759 1085 847 1104 omnibus
857 1085 922 1104 dotem
932 1091 971 1104 non

176 1116 275 1139 obtinebit,
285 1122 329 1135 eum
340 1116 425 1135 omnium
435 1122 485 1135 uxor
495 1115 581 1140 legitima
592 1122 632 1135 esse
643 1122 682 1134 non
693 1115 754 1140 possit
764 1115 820 1134 simul
832 1117 851 1134 et
862 1115 926 1137 semel,
938 1115 971 1134 sed

175 1147 238 1169 unius,
244 1147 287 1166 lieet
294 1146 398 1166 successive
404 1146 509 1165 secundum
515 1146 566 1170 quod
572 1145 653 1165 inferius
659 1145 747 1164 dicetur¹¹
754 1146 774 1164 in
781 1145 854 1165 notione
861 1145 885 1164 de
891 1145 942 1164 dote.
950 1145 971 1164 Si

176 1177 218 1202 quis
228 1177 263 1196 sub
272 1183 306 1201 spe
315 1176 487 1201 perquirendorum
496 1182 577 1195 uxorem
586 1182 641 1195 susm
650 1175 745 1195 dotaverit
755 1175 779 1194 de
788 1175 876 1195 omnibus
886 1175 942 1195 terris
952 1178 971 1194 et

176 1207 191 1226 f.
198 1207 246 1230 941³]
274 1206 387 1226 tenementis
395 1206 457 1231 quss¹'
465 1206 548 1225 tenuerit
556 1206 587 1225 die
595 1206 753 1231 desponsationis,
761 1212 801 1225 non
809 1206 860 1225 valet
868 1205 913 1225 tulis
921 1205 971 1225 dotis

177 1261 183 1269 ¹
189 1261 229 1280 Om,
237 1261 272 1280 ΟΒ,
280 1261 318 1280 MA,
327 1261 365 1279 MB,
373 1261 406 1279 (ΣΕ,
414 1261 435 1280 Y,
443 1260 482 1279 MG,
491 1261 527 1276 MC.
547 1260 553 1269 ⁶
559 1260 630 1276 imbuerit
638 1262 654 1276 et
663 1262 756 1279 venenant-s,
765 1260 784 1279 V,
793 1260 827 1279 ΟΛ,
836 1260 870 1279 LA,
879 1260 915 1276 MC.
935 1259 941 1268 ¹
947 1260 972 1278 de,

176 1286 211 1305 ΟΒ,
219 1286 257 1305 MA,
265 1287 302 1301 MB.
321 1286 354 1304 ὀὶ,
362 1286 382 1305 V,
390 1286 428 1301 ΜΘ.
446 1285 452 1294 '
458 1286 485 1301 din
492 1285 520 1304 ibi,
528 1286 548 1304 V,
556 1286 591 1304 ΟΔ,
599 1286 632 1304 LA,
640 1285 674 1304 OC,
682 1285 718 1301 MC.
738 1285 821 1301 'mentun
829 1287 850 1304 et,
858 1285 893 1304 ΟΔ,
902 1285 935 1304 OC,
944 1285 972 1301 LA

179 1311 277 1331 (mensuris).
295 1311 329 1330 ἐι,
337 1311 375 1330 MG,
383 1311 423 1329 CM;
431 1316 468 1327 essu
475 1310 505 1330 vel,
513 1311 547 1330 OB,
556 1311 593 1330 MA,
602 1311 639 1326 MB.
658 1310 671 1319 ¹⁰
677 1310 717 1330 012,
725 1311 759 1329 OB,
767 1311 805 1330 MA,
814 1311 851 1326 ΜΒ.
870 1310 883 1319 ¹¹
889 1312 906 1326 ln
913 1311 972 1329 eadem,

177 1336 216 1355 ΜΘ,
222 1337 242 1355 Y,
248 1336 285 1352 CM.
302 1336 316 1344 ¹¹
321 1336 410 1356 prefertur,
416 1336 451 1355 ΟΒ,
457 1336 495 1355 MA,
501 1336 539 1351 ΜΒ.
556 1336 590 1344 ““““
595 1337 625 1351 viri
631 1341 665 1351 cnm
672 1337 705 1356 quis
712 1338 768 1355 nutem,
775 1336 809 1355 ΟΒ,
817 1336 854 1355 MA,
861 1336 900 1355 MR,
907 1336 945 1355 MG,
952 1337 973 1356 Y,

177 1362 214 1377 CM.
231 1361 244 1370 ¹¹
250 1362 290 1380 Om„
297 1361 335 1380 MG,
341 1362 378 1377 CM.
395 1361 408 1370 ¹¹
415 1361 455 1380 On„
460 1361 495 1380 OA,
501 1361 535 1380 LA,
541 1361 578 1380 MC,
584 1361 612 1377 OC
621 1361 742 1380 (illiberitani).
760 1361 773 1370 ““’
779 1366 810 1377 uns
816 1366 840 1381 ex,
847 1362 882 1381 ΟΒ,
889 1362 927 1380 MA,
934 1362 972 1381 ΜΒ,

177 1387 211 1406 GE,
219 1387 239 1405 Y,
248 1386 285 1405 CM,
294 1386 331 1402 Me.
350 1386 364 1395 ¹¹
369 1386 410 1405 0m.,
417 1386 452 1405 CB,
460 1386 499 1405 ΜΟ,
508 1387 528 1406 Y,
536 1386 574 1405 08;
583 1386 654 1405 hebetur,
663 1387 700 1402 ΜΒ.
720 1386 733 1395 ¹'
739 1391 777 1406 qut,
786 1387 805 1406 V,
814 1387 834 1402 Y.
