1173 1660
347 155 377 171 DE
388 155 540 174 ADQUIRENDO
551 156 631 171 RERUM
642 156 743 171 DOM1N10
907 158 943 175 261

149 193 169 212 in
176 193 284 218 maritagio.
292 193 340 213 Non
347 194 399 213 enim
405 193 475 213 sufficit
483 194 534 218 quod
542 196 630 219 petentes
638 200 658 213 se
666 194 749 218 probent
758 193 786 213 ius
794 194 870 216 habere,
879 200 944 213 omnes

148 223 179 242 vel
188 223 267 248 quidam
276 229 348 245 eorum,
358 223 383 242 ad
392 223 428 242 hoe
437 223 489 248 quod
499 223 601 243 auferatur
610 223 704 248 possessio
714 230 726 242 a
735 226 819 245 tenente,
829 223 865 242 nisi
876 223 901 243 sit
911 223 944 248 qui

149 252 218 277 probet
224 259 244 271 se
250 253 312 272 maius
318 253 348 272 ius
354 252 429 272 habere.
437 253 515 272 Par-itas
522 253 572 272 enim
579 253 626 272 iuris
633 259 672 272 non
679 253 744 272 aufert
752 253 840 272 seisinam
848 259 860 272 a
866 255 944 272 tenente

148 285 230 307 propter
239 283 361 302 commodum
371 282 481 307 possidendi
491 284 511 301 et
521 282 644 307 privilegium
654 282 783 307 possessionis.
795 283 861 307 Igitur
872 282 908 301 nisi
919 282 944 302 sit

148 312 216 337 aliquis
225 312 258 337 qui
266 312 349 337 probare
358 312 419 337 possit
427 319 447 331 se
455 319 496 331 esse
504 312 588 337 primum
598 314 617 331 et
626 312 752 337 principalem
761 312 891 334 feoffntorem,
900 318 944 331 cum

147 343 215 360 tenens
225 341 331 366 negaverit„
340 348 385 361 cum
394 348 429 366 per
439 341 561 366 negationem
571 342 606 361 fiat
616 348 646 361 res
656 342 720 364 dubia,
730 344 797 361 tenens
808 342 914 361 remanebit
924 342 944 361 in

147 371 216 390 seisina
223 371 277 396 quasi
283 371 384 391 deficiente
391 371 510 396 probatione,
517 371 574 390 licet¹'
582 378 604 390 re
610 377 656 390 vera
662 371 692 390 ius
698 371 793 394 habuerit,
800 377 844 390 eum
851 371 944 391 defecerit

148 401 243 425 probatio,
251 401 296 420 licet
304 401 334 420 ius
342 407 382 420 non
390 401 473 420 deficiat.
484 401 505 420 Si
515 404 579 420 autem
589 401 640 420 dicat
649 401 746 425 inquisitio
756 401 807 425 quod
818 407 883 420 omnes
893 401 943 420 feof-

148 430 185 449 fati
195 433 241 450 sunt
251 437 290 450 uno
300 433 320 450 et
330 431 397 450 eodem
407 433 495 455 tempore
505 430 607 456 petentaefl
618 433 638 450 et
648 433 722 453 tenens,
733 430 804 450 seilicet
815 437 827 450 a
838 433 943 456 conquestu

147 460 231 485 Angliae,
240 460 302 479 adhue
310 460 347 480 erit
355 460 478 479 iudicandum
486 467 523 485 pro
531 460 647 485 possidente,
656 467 678 479 eo
686 460 738 485 quod
747 467 803 485 pares
812 463 858 480 sunt
867 460 887 479 in
895 463 943 480 tem-

148 496 195 515 pore
206 493 226 509 et
236 490 256 509 in
267 490 314 512 iure,
325 492 345 509 et
356 490 429 515 paritas
441 496 479 509 non
491 490 556 509 aufert
567 490 711 515 possessionem,
723 489 759 509 ιη’·
771 490 851 515 supra.”
863 490 915 509 Item
928 490 943 509 si

148 519 162 538 f.
170 519 217 543 80b]
245 519 288 539 seiri
296 526 336 539 non
344 520 405 544 possit
412 520 490 539 omnino
498 526 533 539 nee
540 520 618 544 probari
627 519 680 539 cuius
689 520 838 539 feoffamentum
846 520 871 539 sit
880 522 943 539 vetus-

147 549 191 571 tius,
200 549 230 568 vel
240 549 255 568 si
264 549 316 568 forte
325 549 419 569 iuratores
428 549 564 572 dubitaverint,
574 549 636 568 adhuc
645 549 751 568 remanebit
760 549 854 574 possessio
863 550 943 572 tenenti,

147 579 202 604 quasi
210 579 309 598 deficiente
318 579 440 604 probatione:
449 579 495 603 quia
503 579 535 604 qui
543 579 621 598 dubitat
629 579 659 598 vel
668 579 747 598 obscure
755 579 841 604 loquitur
850 585 889 598 non
898 585 943 604 pro-

147 608 186 631 bat,
194 609 240 633 quia
247 609 417 633 quotienscumque
425 609 526 628 dubitatur
534 615 560 628 an
568 609 615 633 quid
623 609 654 631 sit,
663 609 743 633 perinde
752 611 781 628 est
790 615 812 628 an
821 609 836 628 si
845 615 885 628 non
893 611 943 628 esset

147 638 200 657 illud.
212 638 263 658 Cum
274 641 339 658 autem
351 638 442 663 loquatur
453 638 542 663 probatio
554 639 578 657 de
589 645 628 657 uno
639 641 733 663 tempore,
744 638 807 657 adhuc
819 639 891 663 poterit
902 645 943 658 esse

147 667 238 692 prioritas
247 668 271 687 de
280 668 311 687 die
320 668 350 687 vel
359 668 412 690 hora,
422 668 446 687 de
456 668 524 693 quibus
534 668 550 687 si
560 668 670 687 dubitatum
680 668 745 690 fuerit,
755 668 786 687 vel
796 668 874 693 penitus
884 668 943 687 nesei-

147 697 208 720 tum,¹¹
219 697 282 717 adhuc
292 704 331 716 non
341 698 393 717 valet
403 697 492 722 probatio
502 697 592 722 petentis.
603 697 655 717 Item
665 704 709 717 eum
719 698 813 717 iuratores
824 697 871 717 nihil
882 698 943 717 sciant

147 727 171 746 de
183 727 284 752 prioritate
295 727 409 752 temporis,”
420 727 463 749 diei,
476 727 506 746 vel
518 727 574 749 horae,
587 727 621 746 sed
633 727 698 746 dicant
710 727 762 752 quod
774 729 842 752 Petens
854 727 943 746 ultimam

147 756 227 776 habnit⁸'
238 757 333 779 seisinam‚
344 757 406 776 adhue
416 757 452 776 hoe
462 763 502 776 non
512 756 613 779 sufficiet,²⁴
624 763 662 781 quo
672 757 734 776 maius
745 759 813 776 tenens
824 757 943 782 possessione

130 785 133 788 ⁴
147 786 240 811 privetur.
249 786 325 806 Poterit
333 786 383 805 enim
391 793 431 806 esse
438 787 481 811 quis
488 786 508 805 in
516 786 585 806 seisina
593 787 679 811 quamvis
688 786 717 806 ius
725 793 764 805 non
772 786 866 809 habuerit,
875 787 905 806 vel
913 786 943 806 ius

147 816 215 835 maius.
224 816 274 836 Cum
282 818 347 836 autem
355 816 458 836 descendat
466 816 562 835 hereditas
570 819 611 836 tam
620 822 643 835 ex
652 818 708 841 parte
717 816 778 841 patris
787 822 845 841 quam
854 823 878 835 ex
887 818 944 841 parte

147 846 220 868 matris,
228 848 248 865 et
256 848 313 870 patre
320 848 443 871 praemortuo,
451 852 496 865 eum
503 846 557 865 heres
566 852 605 865 non
613 846 721 868 maritetur,
730 846 799 865 reddat
808 848 870 865 mater
878 846 943 865 heredi

147 875 278 898 hereditatem,
291 878 311 895 et
323 876 412 895 instituat
424 878 447 895 ut
459 875 548 895 heredem
560 875 679 895 tenendum¹⁶
692 876 715 895 de
728 875 842 900 capitalibus
855 875 943 898 dominis,

147 905 244 925 tenebitur
254 905 309 925 heres
321 905 387 925 statim
398 905 487 924 omnibus
499 905 613 930 capitalibus
626 905 707 924 dominis
719 905 820 930 utriusque
831 905 943 925 hereditatis

148 935 173 954 ad
180 935 297 959 homagium,
306 935 352 959 quia
359 935 418 954 feoda
425 934 525 954 omnium²‘
533 937 579 954 sunt
588 935 701 954 deliberata:
711 937 730 954 et
738 937 786 954 tune
794 935 829 954 fiat
838 938 860 954 ut
870 934 943 960 supra¹⁷

147 964 220 983 dietum
229 967 259 984 est
268 965 292 984 de
301 964 402 989 prioritate
412 964 553 983 deliberationis
563 964 642 984 alterius
652 964 768 986 hereditatis,
777 967 798 984 et
808 965 832 983 de
842 965 943 989 prioritate

148 994 267 1013 ieoffationis
279 994 364 1013 eiusdem
376 994 493 1016 hereditatis,
506 996 525 1013 et
537 1000 577 1013 non
590 994 695 1019 utriusque,
708 996 813 1018 antequam
825 994 943 1019 postquam¹¹

147 1023 167 1043 in
175 1030 259 1049 persona
266 1024 324 1043 unius
331 1023 405 1043 heredis
414 1023 471 1043 semel
480 1023 582 1042 ooniuneta
591 1023 650 1042 fuerit
659 1026 741 1048 utraque
749 1023 851 1046 hereditas,
860 1026 880 1043 et
888 1024 943 1043 heres

147 1053 205 1072 semel
215 1053 274 1072 fuerit
282 1053 385 1072 maritatus
394 1053 469 1072 ratione
478 1053 545 1078 primae
554 1053 701 1072 deliberationis.
711 1053 792 1072 Extune
802 1053 853 1072 enim
862 1053 878 1072 si
889 1053 943 1072 heres

147 1083 200 1102 infra
207 1085 284 1102 aetatem
292 1085 312 1102 et
321 1083 390 1102 iterum
399 1082 525 1105 mafitandus,
534 1089 573 1101 non
582 1082 715 1101 observabitur
723 1083 771 1101 ordo
780 1082 891 1102 hereditatis
901 1089 943 1107 qum

147 1113 210 1137 primo
222 1113 328 1132 deliberata
340 1115 377 1132 est:
391 1112 462 1135 <sed¹'
475 1112 580 1131 coniunctis
593 1112 681 1131 omnibus
694 1112 829 1131 feoffatoribus
842 1112 942 1137 utriusque

146 1142 297 1165 hereditatis>¹⁰
304 1142 336 1161 ille
343 1141 385 1161 aliis
392 1142 429 1161 erit
437 1142 569 1167 preferendus
577 1141 610 1166 qui
618 1142 692 1166 primus
700 1143 719 1160 et
727 1141 838 1166 principalis
846 1141 883 1161 erit
892 1142 941 1161 seot-

147 1173 200 1192 fator
207 1172 228 1191 in
235 1172 368 1191 coniunctione
375 1171 475 1196 utriusque
482 1171 599 1190 hereditatis.
608 1171 659 1190 Item
668 1173 709 1190 esto
717 1171 769 1196 quod
777 1174 834 1196 pater
841 1171 872 1190 vel
880 1174 942 1191 mater

146 1201 271 1221 feoffaveriw
280 1201 369 1220 heredem
377 1207 433 1220 suum
441 1201 498 1220 simul
506 1203 525 1220 et
534 1201 592 1220 semel
601 1201 624 1220 de
633 1200 721 1225 pluribus
730 1201 791 1220 feodis
800 1207 843 1225 quae
851 1203 943 1220 tenent-ur

147 1232 171 1250 de
182 1231 261 1251 diversis
271 1231 385 1256 capitalibus
397 1231 484 1253 dominis,
495 1230 587 1250 tenendi⁸²
598 1231 623 1249 de
634 1237 654 1250 se
665 1230 712 1255 ipsis
723 1233 743 1250 et
754 1237 821 1250 eorum
832 1230 941 1250 heredibus:

146 1273 158 1282 ²¹
164 1274 238 1293 quanm,
245 1273 284 1291 mo,
290 1273 327 1288 cu.
344 1272 358 1281 ¹·
363 1274 424 1292 putem,
429 1272 449 1291 ν,
455 1273 490 1292 01³,
496 1273 535 1291 mo,
542 1273 562 1291 Y,
568 1273 605 1288 cn.
622 1271 656 1281 ¹¹⁴⁰
662 1272 702 1291 um„
708 1272 742 1291 013,
750 1272 788 1291 MA,
794 1272 832 1287 un.
850 1271 862 1280 ¹¹
868 1273 942 1291 nescitur,

145 1298 183 1317 MC,
189 1298 222 1313 ΟΕ.
240 1298 253 1307 ²¹
258 1299 332 1318 tmporia
339 1298 369 1317 vel,
375 1298 395 1317 V,
401 1298 436 1317 ΟΔ,
443 1298 476 1317 LA,
483 1298 516 1316 OC,
523 1298 560 1313 MC.
577 1297 591 1306 ⁸⁸
597 1297 673 1316 habuerit,
679 1298 714 1316 ΟΔ,
721 1298 759 1316 MA,
766 1297 800 1316 OC,
807 1297 844 1313 MC.
862 1297 875 1306 Μ
881 1297 941 1316 sufficit,

145 1323 180 1342 01³,
189 1323 227 1342 MA,
236 1324 277 1342 um
286 1323 355 1342 afficiat,
364 1323 401 1338 cM.
421 1323 527 1342 numnam,
537 1323 573 1341 LA;
582 1322 649 1342 uenena„
659 1323 706 1338 uss.
716 1327 748 1338 vu.
769 1322 845 1341 nomn,
855 1322 894 1341 Mo,
904 1323 940 1338 cu.

145 1348 158 1357 ¹⁷
165 1348 260 1368 predictum,
266 1348 286 1367 V,
294 1348 333 1367 MG,
340 1348 376 1363 CM.
395 1347 408 1356 ¹¹
413 1350 429 1363 et
436 1350 523 1368 postquam,
530 1348 553 1366 V;
560 1353 595 1367 om„
603 1348 636 1367 LA,
643 1348 663 1363 Y.
681 1347 714 1356 ”⁴⁸⁰
720 1348 760 1367 0m.‚
768 1348 802 1367 01³,
810 1348 848 1367 MA,
856 1348 894 1367 ΜΒ,
902 1348 941 1368 ΜΟ,

145 1373 179 1392 cs,
190 1373 210 1389 Y.
232 1373 358 1392 ”ramni-ant,
369 1373 404 1392 0A‚
415 1373 449 1392 oc,
461 1373 494 1392 cs,
506 1373 544 1388 mo⁴
567 1372 654 1392 emmas,
665 1373 700 1392 OA,
712 1373 745 1393 LA,
757 1373 791 1393 oc,
803 1374 838 1393 08,
849 1374 888 1393 uo,
900 1374 941 1392 cm

144 1398 220 1417 mun,
226 1398 247 1417 V,
254 1398 291 1417 ue,
298 1398 322 1417 ῖς
329 1398 396 1417 tenena„
405 1398 443 1417 MA,
450 1398 489 1417 ΜΒ,
496 1398 529 1413 cz.
