1173 1660
494 166 605 182 BRACTON:
616 166 647 181 DE
659 166 755 182 LEGIBUS

309 204 373 223 Breve
381 204 460 223 alterius
469 204 521 223 modi
529 204 563 223 sed
571 204 595 223 de
604 204 676 226 eodem,
684 203 718 223 ubi
727 203 807 228 partit-io
815 203 878 223 minus
887 204 924 223 rite
933 204 987 223 taeta
995 206 1025 223 est

360 240 396 259 per
402 233 455 253 alios.

248 279 253 283 .
273 266 297 285 78
310 265 374 284 Breve
380 265 404 284 de
410 264 483 283 eodem.

309 294 373 314 Breve
382 294 406 313 de
416 294 484 313 seisina
494 294 583 313 radenda
592 294 716 313 coheredibus
725 300 769 313 cum
778 294 888 313 convenerit
898 294 949 313 inter
958 300 991 313 eos
1000 294 1025 313 de

374 324 470 343 mitione.

310 330 429 373 Itempaliud
443 354 467 373 de
481 354 548 373 eodem
562 353 578 373 si
593 353 690 378 particeps
704 356 772 373 tenens
786 353 919 378 recognoverit
934 353 1024 378 participi

359 386 436 408 partem
445 389 505 405 auam,
514 385 533 402 et
542 383 594 408 quod
603 383 638 402 fiat
646 383 738 402 extensio.

248 428 253 433 .
272 416 297 434 74
310 414 374 433 Breve
381 414 434 439 quod
441 414 484 439 quis
491 414 516 433 ait
524 414 549 433 ad
556 414 672 439 capiendum
680 416 821 433 sacramentum
829 414 853 433 de
861 414 1000 436 extensoribus,
1009 413 1024 433 si

361 444 450 463 facienda
457 444 482 463 sit
489 443 575 463 extensio
583 446 639 463 extra
647 444 765 463 comitatum.

309 474 373 493 Breve
380 474 412 493 ubi
419 476 529 493 extensores
536 474 583 493 nihil
591 474 672 493 fecerint
679 474 704 493 ad
711 474 796 499 primum
803 473 922 493 mandatum.

310 505 373 524 Breve
381 504 396 524 si
403 504 473 524 milites
481 505 568 524 venerint
576 507 596 524 et
603 505 706 524 vicecomes
714 504 814 529 negligens
823 504 888 524 fuerit.

310 535 373 554 Breve
381 534 397 554 si
405 535 491 554 extensio
498 535 561 554 minus
569 534 685 554 sufficienter
693 535 747 554 faeta
755 535 820 554 fuerit.

309 565 373 585 Breve
381 565 549 590 interlaqueatum,
557 566 590 585 ubi
598 565 668 585 milites
677 566 701 585 de
710 566 785 585 duobus
793 566 915 585 comitatibus
923 566 1025 585 convenire

360 595 431 615 debent
439 595 464 614 ad
473 595 581 614 faciendam
589 595 725 614 extensionem.

311 626 363 645 Item
372 626 429 645 breve
437 626 461 645 de
470 626 542 645 eodem.

248 670 254 676 .
273 658 298 677 ’16
311 657 374 676 Breve
386 657 411 676 de
423 656 504 681 quereloe
516 656 559 675 filia!
571 656 705 682 primogenitae
716 659 736 676 et
748 657 848 682 participis
861 664 903 682 quse
915 663 955 676 non
967 657 1025 676 habet

361 686 494 706 rationabilem
508 689 584 712 partem
599 693 654 706 suam
668 692 703 705 nec
717 687 832 709 oesnesciam,
847 689 866 706 et
882 687 905 706 de
920 687 1025 712 partitione

360 716 500 735 rationabiliter
507 716 596 735 facienda
604 723 639 741 per
646 716 721 735 milites.

310 747 374 766 Breve
381 747 405 766 de
413 747 505 766 habendis
513 747 625 772 corporibus
633 749 756 766 extensurum
765 748 791 766 sd
798 747 949 766 certificandum.

310 777 343 797 De
350 777 411 797 officio
417 780 546 797 extensum.

248 823 253 828 .
273 810 298 829 ’17
311 809 374 828 Breve
381 809 486 828 vicecomiti
494 809 518 828 de
525 809 594 828 seisinn
601 809 690 828 facienda
697 809 820 828 coheredibus
828 811 873 835 post
880 810 1010 834 partitionem.

310 840 343 859 De
350 840 444 865 homagiis
452 840 544 859 faciendis
552 842 572 859 et
580 840 683 865 capiendis.

249 885 254 890 .
273 872 298 891 78
311 870 365 893 Quid
373 871 398 890 sit
406 870 516 895 homagium
525 873 545 890 et
553 871 635 896 qualiter
643 871 774 890 contrahatur.

312 901 362 924 Quis
369 904 459 921 teneatur
467 902 577 926 homagium
586 908 660 927 capere.

311 932 361 955 Quis
366 935 457 952 teneatur
463 932 574 957 homagium
581 933 650 952 facere.

249 977 255 983 .
274 965 299 984 79
312 964 364 983 Item
372 964 456 988 quando.

312 994 364 1014 Item
371 995 465 1019 quotiens.

312 1025 344 1045 De
351 1025 421 1050 quibus
428 1025 490 1045 rebus.

250 1070 254 1075 .
275 1058 299 1075 8⁰
312 1056 353 1075 Per
359 1062 407 1081 quas
414 1062 511 1081 personas.

312 1087 364 1106 Item
371 1087 455 1112 qualiter
463 1090 482 1106 et
490 1093 525 1112 per
532 1093 574 1112 quae
582 1087 646 1107 verba.

311 1118 344 1137 De
352 1120 472 1137 sacramento
479 1118 584 1137 fidelitatis.

312 1149 361 1171 Quae
368 1151 414 1168 sunt
421 1149 535 1174 inquirenda
541 1152 560 1168 et
566 1149 651 1168 tenenda
658 1149 677 1168 in
685 1152 804 1168 sacramento
812 1149 916 1168 fidelitatis.

312 1179 361 1202 Quis
368 1179 450 1199 effectus
457 1180 547 1204 homagii.

284 1227 286 1229 .
311 1210 401 1233 Qualiter
408 1210 520 1235 homagium
527 1210 638 1230 dissolvitur
645 1213 665 1230 et
672 1211 799 1235 extinguitur.

250 1255 254 1260 .
275 1243 298 1260 81
313 1241 335 1260 Si
346 1241 436 1260 dominus
448 1243 547 1260 attornare
560 1241 621 1266 possit
633 1242 744 1266 homagium
756 1244 776 1261 et
789 1242 888 1261 servitium
900 1241 983 1261 tenentis
997 1241 1026 1260 sui

361 1273 429 1290 contra
436 1271 556 1290 voluntatem
563 1271 652 1290 tenentis.

249 1316 255 1321 .
275 1303 298 1321 82
313 1302 335 1321 Si
343 1302 431 1321 dominus
439 1302 548 1327 captionem
557 1302 641 1327 homagii
650 1302 733 1322 tenentis
742 1302 771 1321 sui
780 1302 860 1321 differat
868 1302 898 1322 vel
907 1304 982 1322 recuset
990 1308 1026 1327 per

250 1376 255 1382 .
275 1364 299 1382 88
313 1362 335 1382 Si
345 1365 413 1382 tenens
423 1363 504 1388 propria
514 1362 629 1382 auctoritate
639 1363 723 1382 divertat
734 1369 754 1382 se
765 1363 790 1382 ad
801 1363 861 1382 alium
871 1363 937 1382 relicto
948 1363 1026 1383 domino

362 1399 397 1411 wo
404 1395 424 1412 et
431 1392 490 1412 faeiat
497 1393 514 1412 ei
521 1392 638 1417 homagium.
