1173 1660
462 165 493 180 DE
504 165 641 181 ACTIONIBUS
914 167 952 186 807

157 202 270 227 quaestiones
278 209 336 227 super
344 202 406 222 dubiis
413 209 471 227 quam
479 203 601 227 querimoniae
608 209 667 228 super
674 203 753 225 iniuriis,
762 206 781 222 et
789 203 822 228 qui
830 203 855 222 ad
863 203 953 222 dextram

157 238 219 257 neque
230 232 255 251 ad
267 232 365 251 sinistram
377 232 411 251 viae
424 235 505 257 propter
517 232 666 257 prosperitatem
678 235 775 252 terrenam
788 232 818 251 vel
831 233 952 252 adversitatis

156 264 230 281 metum
238 268 250 281 a
258 262 336 281 tramite
344 262 421 281 iustitiae
429 268 468 281 non
476 262 578 284 declinent,
587 262 621 281 sed
630 262 714 281 iudicent
723 262 818 287 populum
827 262 857 281 dei
866 262 887 281 iu
896 262 952 287 nequi-

157 294 203 314 tate,
215 294 237 311 ut
247 292 284 311 diei
294 291 356 316 possit
367 291 398 311 de⁴
408 291 442 310 eis‘
453 298 496 311 eum
507 292 608 316 psalmista
619 292 671 316 quod
682 292 705 311 de
717 292 773 311 vultu
783 298 850 311 eorum
862 292 953 311 iudicium

157 321 230 346 prodiit
239 321 340 346 requitatis.
350 321 379 341 Et
389 321 510 341 considerent
519 321 620 340 efficaciter
630 321 677 346 quid
687 321 795 346 oportuerit
805 322 910 341 secundum
921 328 953 341 ne-

157 351 270 373 cessitatem,
278 351 325 376 quid
333 350 440 375 expedierit
447 351 552 370 seeundum
561 351 670 373 utilitatem,
678 351 724 376 quid
732 351 789 370 liceat
796 351 901 370 seeundum
910 358 953 376 per-

157 380 279 403 missionem:
292 381 339 405 quid
352 381 419 400 decent
432 380 537 400 semmdum
550 380 675 400 honestatem.
690 381 719 400 Et
732 381 771 400 tale
785 381 876 400 iudicium
890 381 954 405 diligit

157 411 218 429 honor
227 410 284 435 regis,
293 410 347 429 euius
357 416 459 435 personam
468 410 488 429 in
498 410 600 429 iudicando
610 412 754 435 reproesentsnt.
766 410 821 429 Nulli
832 412 897 430 autem
907 410 953 430 iuris

158 440 271 459 beneficium
281 440 383 465 denegent,
394 446 406 459 a
416 440 469 459 nullo
479 440 580 465 praemium
590 442 659 465 petant
670 442 692 459 ut
702 440 815 465 praedictum
826 443 855 459 est
866 440 896 459 vel
907 440 953 459 reci-

158 470 219 494 piant,
229 472 252 488 ut
262 470 304 494 quis
315 470 344 489 ius
354 476 410 489 suum
421 469 479 489 libere
490 469 631 494 prosequatur,⁷
642 472 665 489 ut
675 476 733 489 causa
743 470 805 489 viduae
816 470 841 489 ad
851 476 883 489 eos
894 469 953 489 libere

158 500 284 524 ingrediatur,
293 502 316 519 ut
325 500 364 519 sint
373 500 460 524 orphano
469 502 488 519 et
498 499 573 524 pupillo
583 499 686 521 adiutores,
696 502 719 519 ut
728 499 776 518 nulli
786 499 901 519 calumniam
912 500 953 519 fieri

158 529 264 554 patiantur,
272 532 294 548 ut
302 529 448 548 constitutiones
456 535 522 548 eorum
531 531 551 548 et
559 529 621 548 edicta
630 529 667 548 iuri
675 531 695 548 et
704 529 873 548 consuetudinibus
882 536 953 554 appro-

158 559 207 578 batis
218 561 238 578 et
249 559 346 578 communi
356 559 436 578 utilitati
448 558 486 578 sint
497 558 635 578 convenientia.
648 559 719 578 Coram
730 559 757 578 eis
769 559 844 578 nuuum
856 559 953 584 deprimat

158 588 311 607 adversariorum
322 588 415 613 potentia,
426 588 459 607 sed
470 591 517 613 agat
528 588 608 613 quilibet
618 588 670 613 quod
681 594 739 607 eausa
750 595 785 607 sua.
796 588 892 608 desiderat
902 591 922 608 et
933 595 953 607 se

157 620 252 643 temperet
259 618 284 637 ab
290 618 366 640 iniuria,
373 624 408 637 nec
415 624 426 637 a
433 618 530 637 liminibus
537 618 650 637 iudiciorum
657 618 752 637 iustorum
760 620 835 637 avertat
842 625 874 637 eos
881 618 953 640 odium,

157 648 219 670 favor,
226 648 257 667 vel
264 648 334 672 gratia,
341 650 364 667 ut
371 647 407 666 dici
415 648 476 672 possit
483 648 507 667 de
514 647 546 670 eis.
554 648 622 667 Iustus
630 654 655 669 es,
663 647 745 669 domine,
753 650 773 667 et
781 650 855 667 rectum
863 648 954 667 iudicium

157 680 219 699 tuum,
228 680 316 696 etoetera.
326 678 378 696 Item
386 677 482 702 sapientes
491 679 568 702 oportet
577 684 617 696 esse
626 683 658 696 eos
667 677 699 702 qui
708 677 793 697 iudicant
802 680 824 697 ut
833 678 953 697 honestatem

157 707 253 726 iudicandi
263 707 287 726 ab
296 707 338 726 aliis
347 713 386 726 non
395 707 509 726 mendicent.
521 707 542 726 Si
551 707 593 731 quis
603 709 668 726 autem
677 707 741 726 minus
750 707 826 732 sapiens
835 709 855 726 et
865 707 953 726 indoctus

157 736 222 756 sedem
233 736 329 756 iudicandi
341 736 473 756 conscendere¹
485 739 505 756 et
516 736 636 755 honestatem
647 736 743 755 iudicandi
755 737 791 756 sibi
803 736 953 761 praesumpserit,

157 773 181 785 ex
191 766 231 785 alto
240 766 324 785 corruet'
334 766 379 791 quia
389 766 453 785 volare
463 766 535 790 satagit
545 768 649 790 antequam
659 772 732 791 pennas
743 768 834 788 assumat,
844 768 864 785 et
875 767 908 791 qui
918 766 953 786 tali

157 798 274 821 potestatem
282 795 379 815 iudicandi
388 795 462 815 dederit
470 795 550 820 perinde
558 795 595 814 erit
604 801 626 815 ae
635 796 650 815 si
659 795 746 820 gladium
755 798 835 820 poneret
844 796 865 815 in
874 802 953 815 manum

157 825 253 845 furientis.
263 825 315 845 Item
324 832 362 844 non
371 825 432 844 solum
441 827 519 850 oportet
527 825 643 844 iudicantem
652 832 693 845 esse
702 825 808 850 sapientem
817 825 876 845 immo
885 828 953 850 poten-

157 857 203 877 tem,
215 855 271 874 iuxta
283 855 331 874 illud
345 855 459 877 Salomonis,
471 855 520 874 Noli
531 861 617 880 quoerere
629 855 672 879 fien'
683 855 742 874 iudea·
755 855 791 874 πᾶσί
804 855 876 875 virtute
889 855 953 874 valeas

156 884 278 909 §mmmmm
292 884 409 909 iniquitates,
424 891 448 904 ne
462 884 515 908 forte
530 884 656 904 extimam&
671 884 741 908 faeiem
756 884 842 909 potentis
856 887 876 904 et
891 891 953 909 ponas

157 914 269 934 wandalum
277 914 299 934 in
307 914 394 939 aqilitate
404 916 443 933 tua.

207 944 240 963 De
249 943 361 968 differentia
368 943 520 963 antium-imm.

158 973 214 992 Imm
224 973 369 993 iustiti-riorum
378 973 456 998 quidam
466 975 511 992 sunt
520 973 618 997 capitales,
628 973 733 997 generales,
743 974 832 998 perpetui
842 976 862 993 et
872 973 953 992 maiores

158 1009 170 1022 ι
176 1003 236 1022 latere
243 1003 294 1027 regis
302 1003 412 1025 residentes.
420 1003 453 1027 qui
461 1002 546 1021 omnium
555 1002 636 1022 aliorum
644 1002 739 1027 corrigere
747 1005 838 1022 tenentur
846 1003 925 1022 iniurias
934 1005 953 1022 et

158 1039 237 1052 errores.
252 1033 303 1052 Sunt
315 1032 373 1052 etiam
386 1032 418 1051 alii
431 1032 534 1057 perpetui‘*
548 1034 600 1051 certo
613 1032 655 1051 loco
667 1032 777 1054 residentes,
791 1032 840 1051 sicut
853 1033 873 1051 in
887 1032 953 1054 banco,

158 1062 243 1087 loquelas
253 1068 318 1081 omnes
327 1062 352 1081 de
361 1061 430 1086 quibus
439 1061 510 1080 habent
520 1064 628 1081 warantum
638 1061 769 1084 terminantes,
780 1062 813 1086 qui
822 1068 888 1081 omnes
899 1062 953 1081 iuris-

158 1092 260 1111 dictionem
269 1091 338 1111 habere
347 1091 441 1116 incipiunt
451 1091 537 1116 praestito
547 1093 672 1110 sacramento.
682 1091 734 1110 Item
744 1093 789 1110 sunt
800 1091 830 1110 alii
841 1091 953 1110 itinerantes

158 1122 182 1141 de
193 1121 235 1140 loco
247 1121 267 1140 in
277 1121 347 1143 locum,
359 1121 408 1140 sicut
420 1121 443 1140 de
455 1120 548 1140 comitatu
561 1120 580 1139 in
592 1120 711 1143 comitatum,
724 1121 839 1145 quandoque
852 1121 877 1140 ad
889 1121 954 1140 omnia

158 1151 235 1175 placita,
243 1150 358 1175 quandoque
367 1150 391 1169 sd
400 1150 487 1175 qusedam
495 1150 590 1175 specialia,
599 1150 648 1169 sieut
657 1150 681 1169 ad
690 1150 758 1169 assisas
766 1152 844 1169 tantum
852 1153 872 1170 et
880 1151 953 1175 gaolas,

158 1183 178 1200 et
190 1181 223 1205 qui
235 1180 369 1199 auctoritatem
381 1179 451 1199 habere
463 1179 558 1204 incipiunt
570 1180 611 1199 sine
623 1182 742 1199 sacramento
755 1186 799 1199 cum
812 1180 869 1199 breve
881 1180 953 1199 domini

158 1210 208 1234 regis
219 1210 326 1235 receperint
337 1209 360 1229 de
371 1212 463 1229 waranto.
475 1209 527 1228 Sunt
537 1209 596 1229 etiam
606 1209 703 1228 iustitias-ii
713 1209 813 1229 constituti
824 1210 849 1229 ad
860 1210 953 1235 quasdam

158 1240 232 1262 assisas,
240 1240 288 1259 duas
295 1239 326 1258 vel
333 1242 372 1259 tre·
380 1239 410 1258 vel
418 1239 489 1264 plures,
497 1239 530 1263 qui
538 1239 616 1263 quidem
624 1239 713 1264 perpetui
721 1246 760 1258 non
769 1242 814 1259 sunt
822 1240 868 1264 quia
875 1239 953 1264 expleto

157 1269 218 1288 officio
228 1269 378 1288 iurisdictionem
387 1269 485 1288 anrittunt.

158 1320 222 1339 ·-·0m.,
232 1319 267 1338 01³,
277 1320 315 1338 MA,
326 1320 363 1335 Ma.
384 1319 518 1339 mma-ioum,
528 1319 562 1338 οε,
572 1319 611 1338 MA,
621 1319 659 1337 Ma,
669 1319 708 1337 Mo,
718 1320 737 1335 v.
758 1319 764 1327 τ
771 1321 878 1339 „nequ-mr,
888 1320 923 1339 013,
933 1320 952 1335 v.

158 1345 164 1353 ¹
170 1345 257 1364 acnuam,
264 1345 299 1363 01³,
307 1345 345 1363 MA,
353 1345 391 1360 MG.
409 1344 484 1363 mmm,
492 1345 512 1363 v,
520 1344 559 1363 cM;
567 1349 644 1363 corruere,
651 1345 688 1362 om
696 1349 756 1364 come,
764 1345 801 1360 MA.
820 1345 925 1365 mmmm,
933 1345 953 1364 v,

157 1370 190 1386 oc.
211 1370 223 1379 ¹¹
230 1372 330 1389 emmam,
340 1370 377 1388 0A;
386 1371 496 1388 meme-w,
507 1370 548 1388 MG;
558 1371 640 1388 tamum,
650 1369 686 1385 cM.
708 1369 767 1389 ηοω,
777 1370 812 1389 013,
823 1370 860 1389 MA,
871 1371 909 1390 ΜΒ,
919 1371 953 1390 cn,

158 1396 195 1414 CM,
203 1395 223 1411 Y.
