1173 1660
455 150 485 165 DE
497 150 634 166 ACTIONIBUS
907 153 945 172 297

149 187 237 210 sessione,
250 187 291 206 alise
302 187 385 212 proditae
396 194 455 212 super
466 188 509 213 ipsa
520 188 646 213 proprietate.
659 188 688 207 Et
700 188 716 208 si
729 195 787 213 super
799 189 866 208 eadem
878 195 899 208 re
912 189 945 208 uni

149 217 223 242 petenti
231 217 296 242 plures
303 219 415 242 competant
422 217 512 239 actiones,
519 217 568 237 sicut
575 218 634 237 assisa
641 224 695 237 novae
702 217 809 240 disseisinae,
816 218 884 238 mortis
892 220 945 237 ante-

149 247 228 266 cessoris
235 253 294 271 super
300 247 424 272 possessione,
432 249 451 266 et
459 247 515 266 breve
523 247 547 266 de
554 247 642 272 ingressu
650 249 670 266 et
677 247 734 267 breve
742 247 766 267 de
774 250 826 267 recto
834 254 893 273 super
900 254 945 273 pro-

149 277 238 301 prietate,
249 276 306 295 simul
317 279 336 296 et
347 276 405 296 semel
416 276 503 296 omnibus
514 277 543 295 uti
553 283 593 296 non
604 277 681 302 poterit.
694 277 734 296 Sed
745 283 805 296 unam
816 277 875 302 eligat
887 284 945 302 quam

149 306 237 328 voluerit,
246 308 266 325 et
274 312 313 325 una
321 306 382 325 electa
391 312 496 331 numquam
505 306 582 325 habebit
591 313 700 331 regressum
709 307 735 326 ad
744 307 791 326 alias
800 307 897 332 pendente
906 307 944 326 ilia.

149 336 208 358 Quod
217 336 232 354 si
240 336 266 355 ad
274 335 332 355 aliam
340 338 432 358 recurrat,
440 336 551 360 impetratio
559 336 583 355 de
592 336 676 355 secunda
684 343 723 355 non
731 336 808 355 valebit.

199 366 223 386 Si
229 366 296 391 plut-ee
303 369 414 391 competant
422 373 481 392 cuper
489 373 528 386 una
535 373 556 386 re
564 370 583 386 et
592 373 632 386 una
638 367 699 391 fuerit
708 367 773 387 electa,

150 397 173 416 Si
182 403 227 416 vero
236 403 356 422 quocumque
365 398 422 417 modo
432 397 456 417 ab
465 398 542 423 incepta
551 398 649 417 recesserit
658 405 694 423 per
702 398 799 417 licentiam
808 398 838 417 vel
848 398 945 421 iudicium,

149 426 169 446 in
176 427 307 452 proponendis
315 427 421 447 actionibus
428 427 479 447 hunc
485 427 572 447 ordinem
580 428 694 447 observabit.
703 428 725 447 Si
732 428 784 447 enim
792 428 816 447 ab
824 428 883 447 assisa
891 435 945 447 novae

149 457 251 476 disseisinae
258 463 353 476 recessum
359 457 425 479 fuerit,
432 457 498 476 statim
504 457 598 477 habeatur
604 463 692 477 recursus
699 458 724 477 ad
731 458 810 477 assisam
817 458 884 477 mortis
892 460 945 477 ante-

149 487 228 506 cessoris
237 487 253 506 si
262 489 366 512 competat,
376 489 396 506 et
405 489 473 511 postes
482 487 539 506 breve
549 487 573 506 de
582 487 676 512 ingressu,
687 490 706 506 et
717 487 742 506 ad
752 487 842 507 ultimum
852 488 877 506 ad
888 487 945 507 breve

149 516 173 535 de
181 518 240 538 recto,
248 518 268 535 et
276 516 304 535 ita
312 516 431 535 ascendendo
439 516 464 536 de
471 516 590 541 possessione
598 523 659 541 usque
667 517 693 536 ad
701 517 847 542 proprietatem.
857 517 897 536 Sed
906 523 945 536 non

149 552 160 564 e
168 545 265 564 contrario
273 546 411 568 descendendo,
419 546 465 571 quis
473 552 578 571 numquam
587 546 612 565 de
620 546 673 565 brevi
682 546 707 565 de
716 549 768 566 recto
777 546 800 566 fit
809 547 910 566 descensus
920 547 945 566 ad

149 575 187 597 alia
194 575 259 595 brevia
265 575 363 598 inferiora,
371 575 416 600 quia
423 576 456 600 qui
463 576 521 595 semel
528 576 590 600 egerit
597 582 632 601 per
639 575 696 595 breve
704 576 728 595 de
735 578 788 595 recto
795 578 859 595 totum
867 577 896 595 ius
904 578 945 595 tam

149 611 208 630 super
217 605 336 630 possessione
346 612 404 630 quam
414 612 473 630 super
483 605 603 630 proprietate
613 605 690 625 deducit
701 605 721 624 in
732 605 829 628 iudicium,
840 606 945 625 secundum

149 635 201 659 quod
210 635 270 654 videri
280 635 352 659 poterit
361 635 414 654 infre
423 634 456 654 ubi
465 637 562 654 tractatur
571 635 596 654 de
605 635 658 654 brevi
668 635 692 654 de
702 637 760 654 recto.
771 636 884 660 Numquam
894 635 945 654 enim

149 671 161 683 a
172 671 230 684 eausa
241 664 367 689 proprietatis
378 665 401 684 fit
413 665 514 684 descensus
526 664 551 683 ad
563 670 641 683 causam
653 664 782 689 possessionis,
794 671 829 684 nee
841 667 945 689 postquam

149 694 207 714 semel
215 696 280 713 actum
287 694 347 713 fuerit
354 694 378 713 de
386 694 454 713 seisina
462 694 593 713 antecessoris*
601 700 640 713 non
648 694 720 719 poterit
728 694 771 719 quis
779 700 836 719 agere
844 694 868 713 de
876 694 945 714 seisina

149 724 230 748 propria
239 730 274 748 per
284 723 368 743 assisam.

199 755 223 774 Si
229 755 272 779 quio
278 760 299 774 ee
306 754 410 774 retra-verit
417 754 441 773 ab
448 761 488 773 una
495 760 539 773 eum
546 754 606 778 fuerit
614 754 680 774 electa.

150 786 202 805 Cura
213 788 278 805 autem
288 785 314 804 ab
324 785 398 805 actione
408 785 429 804 in
439 791 480 804 rem
491 785 533 810 quis
544 785 602 805 semel
613 785 711 805 recesserit
721 785 752 804 vel
763 785 787 804 ab
799 785 874 805 actione
884 792 905 805 se
915 792 944 804 re-

148 815 236 837 traxerit,
249 815 279 834 vel
291 815 383 834 iudicium
395 815 513 834 eontrarium
525 815 619 837 habuerit,
632 821 738 840 numquam
751 815 776 834 ad
789 815 870 835 eandem
883 815 945 835 redire

149 845 221 870 poterit
229 851 273 864 cum
281 845 339 864 semel
348 845 433 864 extincta
441 851 480 864 non
489 845 589 864 reviviscit.
600 845 621 864 Si
631 847 695 864 sutem
704 851 728 864 ex
737 851 857 870 quacumque
866 851 924 864 causa
933 851 945 864 a

149 875 202 894 brevi
209 881 229 894 se
236 875 339 894 retraxerit
346 881 382 899 pro
389 874 453 899 aliquo
461 874 538 894 defectu
546 877 565 894 et
573 881 612 893 non
620 874 644 893 ab
651 875 731 897 actione,
739 874 792 893 aliud
799 874 841 894 erit.

198 906 212 925 1
213 908 251 925 tem
259 905 356 925 actionum
364 905 421 925 tem'a
428 905 501 925 divisio.

149 937 205 956 Imm
216 936 310 955 actionem
319 936 407 961 quaedam
416 936 553 961 praeiudiciales
563 942 606 961 quae
615 936 705 955 oriuntur
714 942 738 955 ex
748 935 875 955 incidentibus
885 942 944 960 quaes-

149 966 232 985 tionibus
242 966 272 985 vel
282 966 429 990 emergentibus,
440 966 460 985 in
470 966 538 990 quibus
549 966 641 990 quaeritur
651 968 717 985 utrum
728 965 803 990 aliquisÎ‡
813 966 839 985 sit
849 965 944 990 ingenuus

148 996 179 1015 vel
189 995 302 1018 libertinus:
313 995 361 1014 liber
370 995 400 1014 vel
411 1002 482 1017 servus,
493 995 544 1014 filius
555 1001 580 1014 an
591 1001 636 1017 non,
646 997 666 1014 et
676 995 692 1014 si
702 995 759 1017 filius,
770 997 836 1014 utrum
847 995 944 1019 legitimus

148 1026 179 1045 vel
188 1026 296 1048 bastardus,
305 1027 325 1045 et
333 1025 447 1045 huiusmodi.
457 1025 486 1044 Et
495 1025 586 1044 dicuntur
595 1025 732 1050 proeiudicisles
741 1025 787 1050 quia
796 1025 850 1050 prius
859 1025 944 1044 iudican-

148 1058 182 1075 tur
189 1062 247 1081 quam
255 1056 304 1075 actio
312 1055 429 1081 principalis,
438 1055 463 1074 et'
472 1058 494 1074 ut
501 1062 537 1080 per
544 1055 580 1074 hoe
587 1058 686 1074 remaneat
693 1055 805 1080 principalis
813 1055 844 1074 vel
851 1055 944 1080 procedat

148 1086 169 1105 in
179 1092 299 1111 quacumque
309 1092 368 1105 causa
378 1086 468 1105 incidenti
479 1085 509 1104 vel
520 1085 640 1110 emergenti,'
650 1088 673 1104 ut
684 1085 699 1104 si
710 1085 782 1104 ineidat
793 1085 894 1104 conventio
906 1085 944 1104 sive

149 1118 234 1141 pactum,
243 1123 273 1135 res
282 1116 367 1135 iudicata
375 1116 405 1135 vel
414 1116 457 1135 finis
467 1116 537 1138 factum,
546 1115 577 1135 vel
586 1115 624 1135 alia
633 1116 703 1140 quoevis
712 1115 806 1140 exceptio

200 1184 240 1203 Ubi
249 1183 349 1203 terminavi
356 1183 439 1203 debeant
447 1183 532 1202 actiones
540 1182 652 1202 criminales.

149 1214 164 1234 f.
172 1214 231 1238 104b]
259 1214 301 1234 Um
310 1214 409 1234 terminari
418 1214 500 1234 debeant
508 1214 592 1234 actiones
601 1214 640 1233 sive
648 1213 720 1239 placita
728 1214 837 1233 videndum.
847 1213 876 1233 Et
885 1214 944 1233 seien-

149 1245 196 1264 dum
202 1245 254 1270 quod
261 1245 277 1264 si
284 1245 368 1264 actiones
375 1245 481 1264 criminales
489 1244 527 1264 sint
535 1245 555 1264 in
562 1244 616 1263 curia
623 1244 695 1263 domini
702 1244 753 1269 regis
760 1244 831 1263 debent
838 1244 944 1266 terminari,

149 1282 193 1294 cum
203 1275 228 1295 sit
238 1275 264 1294 ibi
275 1281 334 1300 poena
344 1275 449 1300 corporalis
460 1274 571 1299 infligenda,
583 1276 603 1294 et
614 1274 649 1293 hoc
661 1281 726 1293 eoram
737 1274 779 1299 ipso
791 1275 807 1293 si
818 1276 888 1299 tangat
900 1281 943 1299 per-

148 1329 280 1349 â€˜antece-sorum,
288 1330 325 1348 LAÍ¾
334 1331 433 1348 austae-sorâ€ž
442 1329 489 1345 MSS.
499 1334 531 1344 var.
552 1328 628 1348 â€˜nuqua-i,
638 1328 673 1348 OB,
683 1329 724 1347 MBÍ¾
734 1328 781 1347 uliud.
792 1329 829 1344 ÎœÎ›.
850 1328 856 1336 â€™
862 1328 944 1344 libertinu-

148 1356 165 1370 Î¹Î¹
173 1355 186 1370 u
194 1354 276 1370 libertinu-
284 1354 330 1373 mm,
338 1355 358 1370 v.
378 1354 384 1363 â·
390 1354 430 1374 On,
439 1354 474 1373 01Â³,
483 1355 522 1373 MA,
531 1354 569 1373 ÎœÎ’,
579 1354 612 1373 cz,
622 1354 659 1373 cm,
668 1354 688 1369 Y.
708 1353 714 1362 Â¹
720 1355 813 1374 emergente,
823 1353 857 1372 Î¿Î‘,
867 1354 901 1373 LA,
911 1354 944 1373 cs,

149 1379 186 1398 CM,
194 1380 233 1398 ÎœÎŸ,
241 1380 278 1395 Mc.
