1173 1660
484 135 595 160 amc-ros:
606 144 637 159 na
649 144 745 160 memus

299 182 391 201 Donator
399 182 471 207 poterit
480 188 552 207 ponere
560 182 623 207 legem
631 185 651 201 et
659 182 789 201 condicionem
798 182 902 201 donationi.

219 212 243 231 F.
263 213 288 231 88
301 212 323 231 Si
330 211 366 231 fiat
373 212 452 231 donatio
460 218 497 237 pro
504 211 594 236 homagio
601 214 621 231 et
628 211 706 231 servitio
713 211 743 231 vel
751 211 792 231 sine
799 211 894 236 homagio.

218 390 243 439 {²13¹}

218 480 243 499 {fi

221 1075 245 1094 :²1

221 1134 245 1182 {²12²}

221 1282 246 1390 sess

220 956 245 975 s
219 867 245 916 ss
219 748 245 826 sss
219 689 244 708 s
219 629 244 648 s

300 241 332 260 De
341 241 462 260 distinctione
471 243 574 260 cartarum.

262 273 288 290 84
300 271 360 294 Quod
375 271 400 291 de
414 271 473 291 cartis
488 271 546 296 regiis
561 278 601 291 non
617 272 687 291 debent
702 271 799 291 iustitiarii
815 271 915 297 disputare
931 277 966 290 nec
982 278 1015 291 eas

350 301 440 320 iudicare.

301 331 352 350 Cum
363 337 394 350 res
405 333 459 350 certa
471 331 513 350 dari
525 331 600 353 debeat,
612 333 690 355 oportet
702 331 754 356 quod
766 333 820 350 certa
832 330 870 350 sint
883 330 961 350 servitia
973 337 1015 356 qun

350 360 415 380 venire
423 360 493 380 debent
501 361 521 380 in
529 360 704 385 compensationem
713 367 749 385 pro
754 367 778 380 >re
786 361 839 380 data.

263 392 288 409 86
300 390 333 409 De
340 390 421 410 servitiis
428 393 448 409 et
455 390 624 409 consuetudinibus
631 390 751 415 praestandis.

263 422 288 439 8⁶
301 420 333 440 De
344 420 425 440 servitiis
436 420 535 440 forinsecis
546 427 589 445 que
599 420 703 445 aliquando
714 420 734 439 in
745 420 803 440 cartis
814 420 951 445 exprimuntur
963 422 1016 440 certa

351 452 370 469 et
377 450 506 469 determinata
513 450 629 475 quandoque
637 456 676 469 non
684 450 825 475 specificantur.

262 482 287 499 88
301 480 360 502 Quod
367 486 407 499 non
413 480 465 499 valet
473 480 552 499 donatio
559 479 596 499 nisi
603 479 731 505 subsequatur
738 479 823 502 trad-itio,
832 482 852 499 et
859 480 902 499 ideo
910 479 1015 499 videndum

285 513 288 516 '
350 510 374 529 de
390 510 482 529 divisione
498 509 640 535 possessionum
656 512 676 529 et
692 509 775 534 qualiter
791 509 905 534 adquiratur
921 509 1015 534 possessio

351 545 421 558 renim.

300 569 354 591 Quid
363 569 388 588 sit
396 568 496 594 possessio.

300 598 333 617 De
341 598 442 617 divisione:
451 598 533 623 qualiter
541 598 639 617 dividatur
647 598 747 623 possessio.

263 631 288 648 89
301 628 333 648 De
341 628 483 648 traditionibus.

301 658 355 680 Quid
362 658 387 677 sit
393 658 478 677 traditio.

264 690 286 707 41
301 688 364 707 Facta
372 688 482 710 traditione,
491 688 596 707 videndum
605 687 682 713 quando
691 687 803 707 donatarius
813 687 880 713 incipit
889 687 987 713 possidere
996 689 1016 707 et

351 718 429 743 quando
438 718 521 737 donator
530 717 605 736 desinit.

264 750 288 767 48
302 748 354 767 Item
362 754 398 773 per
406 754 454 772 quas
462 754 554 773 personas
562 747 677 772 adquiratur
685 748 784 772 possessio.

264 780 289 796 44
303 777 324 797 si
333 778 356 797 de
365 784 404 796 una
412 784 433 797 re
441 777 529 802 pluribus
538 777 591 796 facta
600 777 659 796 fuerit
668 777 747 796 donatio
755 777 812 796 simul
820 776 851 796 vel
859 777 969 796 successive.

264 809 289 826 45
302 807 378 829 Quibus
386 807 447 826 modis
455 807 557 826 amittatur
565 807 664 832 possessio.

303 837 324 856 Si
331 837 363 856 ille
370 837 401 856 cui
409 837 477 856 datum
484 839 513 856 est
521 843 562 856 rem
569 837 636 856 datam
644 836 724 856 ulterius
732 837 779 856 dare
787 836 853 861 possit.

264 869 289 886 49
302 866 392 889 Qualiter
401 866 443 891 quis
453 866 482 886 uti
491 866 560 886 debeat
570 866 644 885 seisina.

264 899 288 916 61
302 896 392 919 Qualiter
400 896 502 915 amittatur
510 896 604 921 possessio
612 896 713 920 adquisita.

302 926 392 948 Qualiter
400 926 514 950 adqui-ratur
521 925 615 950 possessio
623 932 658 950 per
666 925 808 950 usucapionem.

265 957 289 975 52
302 955 392 978 Qualiter
409 955 517 980 adquiritur
533 955 628 980 possessio
644 955 691 974 iuris
707 955 759 980 quod
775 955 827 974 tradi
843 961 883 974 non
899 957 964 980 potest
981 961 1016 979 per

352 985 433 1010 longum
441 991 503 1004 usum.

301 1014 334 1034 De
350 1014 469 1039 adquirendo
485 1020 550 1034 rerum
565 1014 650 1034 dominio
666 1014 815 1039 incorporalium
831 1014 881 1033 sicut
896 1014 921 1033 de
937 1013 1016 1036 iuribus,

352 1044 473 1063 libertatibus
481 1046 500 1063 et
508 1044 638 1063 servitutibus.

265 1076 290 1093 5⁸
302 1074 393 1096 Qualiter
400 1074 443 1099 quis
450 1074 479 1093 uti
487 1073 556 1093 debeat
563 1073 656 1093 servitute
663 1073 683 1092 in
691 1079 793 1093 oommuna
801 1075 891 1098 pastum

302 1104 392 1126 Qualiter
399 1103 420 1123 iu
428 1104 470 1123 iure
478 1103 606 1128 praesentandi
615 1106 634 1122 et
643 1103 725 1128 qualiter
734 1102 853 1122 transfertur
862 1103 936 1122 seisina.

265 1136 289 1153 ⁵5
302 1133 335 1153 De
342 1133 463 1152 libertatibus
470 1135 490 1152 et
498 1132 540 1158 quis
548 1133 651 1152 concedere
659 1132 720 1157 possit
728 1132 826 1151 libertates
834 1134 854 1151 et
862 1138 904 1157 quoe
912 1132 951 1151 sint
959 1132 1015 1156 regis.

266 1165 290 1184 57
304 1163 325 1182 Si
333 1163 375 1188 quis
383 1163 466 1187 aliquem
474 1162 572 1182 vexaverit
580 1165 648 1181 eontra
655 1162 753 1181 libertates
761 1168 859 1181 concessas
868 1168 903 1186 per
912 1168 982 1186 regem.

302 1193 366 1212 Breve
375 1198 434 1217 quare
444 1192 486 1217 quis
495 1192 554 1211 alium
563 1192 662 1211 vexaverit
671 1194 739 1211 contra
747 1191 862 1211 libertatem.
871 1202 873 1204 >

302 1222 335 1241 De
343 1222 449 1241 intentione
457 1222 554 1246 querentis
562 1222 695 1247 proponenda.

302 1251 334 1271 De
342 1252 465 1276 responsione
472 1251 550 1270 illorum
557 1253 625 1270 eontra
632 1251 758 1270 intentionem
766 1251 892 1275 querentium.

266 1284 290 1301 58
302 1281 335 1301 De
343 1281 525 1300 confirmationibus.

265 1314 290 1330 60
302 1311 335 1331 De
343 1311 478 1330 donationibus
486 1310 537 1329 inter
544 1312 631 1329 mortuos
639 1313 659 1329 et
667 1310 735 1329 mortis
743 1316 807 1329 causa.

265 1343 288 1360 61
302 1341 335 1360 De
344 1340 462 1365 adquirendo
471 1346 536 1359 rerum
544 1340 628 1359 dominio
636 1346 661 1359 ex
669 1346 727 1359 causa
735 1340 843 1364 emptionis.

265 1372 289 1389 62
303 1370 335 1390 De
342 1370 405 1389 locato
412 1372 432 1389 et
438 1370 539 1389 conducto.
