1173 1660
161 319 186 339 F.
194 321 231 338 140

161 498 186 517 F.
194 500 229 517 141

161 677 186 696 F.
194 678 230 696 142

164 1033 188 1052 F.
197 1035 233 1052 148

476 166 642 193 KALENDARJUM
933 167 957 184 15

295 201 382 226 quaedam
396 202 487 227 speciales
502 206 521 223 et
535 204 620 224 divers-e.
635 204 739 223 secundum
754 203 884 223 diversitatem
899 202 957 227 placi-

294 233 359 250 torum
368 234 387 250 et
396 232 523 256 appellorum.

244 260 312 279 Prima
323 261 412 286 exceptio
423 264 443 281 et
454 263 549 286 generalis
561 263 580 282 in
592 263 643 282 omni
656 263 733 288 appello
745 263 769 282 de
781 265 838 284 secta,
851 263 866 281 si
878 262 926 281 bene
937 264 958 281 et

294 291 400 310 secundum
408 291 470 316 legem
477 294 534 311 ten-2
542 293 595 312 facta
603 293 633 312 sit,

245 319 266 339 Si
283 320 307 339 de
324 320 404 339 recordo
420 321 471 340 inter
488 322 599 341 justitiarios
615 322 713 341 eontentio
730 322 829 344 habeatur,
847 324 894 341 tunc
911 321 958 346 quid

294 350 391 374 agendum
400 350 430 370 sit.

244 379 291 398 Non
305 381 370 404 potest
385 380 427 405 quis
443 381 463 399 in
478 381 555 405 appello
571 387 606 400 suo
621 382 695 400 variare
711 388 745 400 nec
761 381 860 406 appellum
875 384 957 400 mutare.

294 409 370 429 Poterit
378 410 452 429 adicere
459 413 479 429 et
486 417 592 430 accrescere
600 411 699 436 appellum
707 413 726 430 et
734 417 773 429 non
781 411 872 430 minuere.

244 439 318 458 Contra
329 439 428 464 appellum
439 440 510 465 poterit
521 441 609 465 excipere
620 440 736 465 appellatus.
748 440 879 465 Except-iones
890 442 958 459 contra

294 469 399 493 appellum.

243 498 375 523 Exceptiones
383 499 436 523 quod
444 499 544 523 appellum
552 505 591 518 non
600 500 654 518 iacet.

244 528 266 547 Si
273 528 374 553 appellans
381 535 401 547 se
409 528 521 547 retraxerit:
529 529 582 548 aliud
590 531 619 548 est
627 529 642 548 si
650 529 743 548 demum
753 529 825 548 fecerit

244 558 294 577 Cum
301 558 356 577 nulla
363 558 388 577 sit
395 558 489 583 exceptio,
496 560 543 577 tunc
551 558 617 577 statim
624 558 714 578 vadiatur
722 558 813 578 duellum.

243 588 316 607 Forma
324 588 438 607 sacramenti
446 588 490 607 talia
497 590 531 607 est.

243 617 306 637 Facto
316 620 435 637 sacramento
446 624 470 637 ex
481 620 563 642 utraque
573 620 636 642 parte,
647 618 713 637 statim
724 618 857 637 conimittabur
868 618 958 636 defensor

293 647 368 666 duobus
376 647 474 666 militibus.

245 677 392 696 Sacramentum
399 677 510 696 faciendum
517 677 538 696 in
545 683 620 701 campo.

243 706 290 726 Fiat
297 707 372 725 bannus
380 706 436 731 regis,

245 736 266 755 Si
275 736 385 761 appellatus
394 736 455 755 vietus
466 736 531 755 fuerit.

245 766 267 785 Si
274 765 375 791 appellans
383 765 403 785 in
410 772 479 790 campo
487 772 507 784 se
514 765 622 784 retraxerit,

245 795 296 815 Cum
306 801 372 814 omnes
382 795 406 814 de
417 795 470 814 facto
480 795 525 814 victi
537 795 616 817 fuen'nt,
627 797 674 814 tunc
685 795 801 820 procedatur
812 797 880 814 cont-ra
890 801 922 814 eoa
933 795 958 814 de

294 825 360 844 forcia.

246 855 392 874 Sacramentum
400 854 510 874 faciendum
518 854 543 874 ab
550 854 668 879 appellante.

247 884 267 903 Si
278 884 379 909 appellans
390 884 414 904 de
424 884 477 903 facto
488 885 550 904 victua
561 884 621 903 fuerit
631 884 661 903 vel
673 891 692 903 ae
703 884 812 906 retraxerit,
823 884 851 903 illi
861 884 886 904 de
898 884 959 903 forcia

295 920 330 939 per
338 914 373 933 hoc
381 914 494 933 liberantur.

246 944 267 963 Si
275 944 338 968 primo
346 943 446 968 appel-lans
454 943 478 963 de
486 944 539 963 facto
546 946 635 963 mortuus
643 943 703 963 suerit
710 943 741 963 vel
749 943 843 963 desaltam
852 944 924 963 fecerit.

245 973 289 993 Rex
297 975 361 998 potest
369 973 472 998 procedere
480 980 504 992 ex
512 973 574 992 officio
581 979 622 992 suo.

246 1003 298 1022 Item
306 1003 417 1022 defenditur
426 1003 468 1028 quis
477 1003 501 1022 ab
509 1003 587 1028 appello
596 1005 678 1028 propter
686 1002 807 1022 mahemium.

247 1033 268 1052 Si
276 1033 345 1052 mulier
353 1039 388 1057 per
396 1033 434 1051 vim
443 1038 541 1057 oppressa.

245 1062 278 1081 De
284 1062 381 1081 indictatia
388 1069 424 1087 per
432 1062 505 1081 famam
513 1061 580 1086 patrioe
588 1068 612 1081 ex
620 1062 732 1086 suspicione.

245 1092 356 1116 Diligenter
367 1092 503 1117 inquirendum
515 1098 527 1110 a
539 1091 608 1116 quibua
620 1091 720 1110 didicerint
733 1091 753 1110 id
765 1091 817 1116 quod
829 1091 902 1113 dicunt,
914 1092 960 1116 quia

295 1121 373 1146 quidam
384 1121 505 1140 mentiuntur
516 1127 551 1146 per
562 1121 633 1143 odium,
645 1121 723 1146 quidam
734 1123 815 1146 propter
827 1121 958 1146 cupiditatem.

245 1151 311 1170 Debet
323 1157 335 1170 a
347 1151 453 1170 iustitiariis
466 1151 503 1170 dici
515 1151 533 1170 ei
545 1151 578 1176 qui
591 1153 690 1175 suspectus
703 1151 791 1173 habetur,
804 1151 856 1175 quod
869 1157 934 1170 omnes
948 1157 960 1170 a

296 1180 359 1200 iurata
381 1182 468 1199 amoveat
489 1186 537 1205 quos
558 1180 623 1205 aliqua
644 1180 744 1200 sufficienti
765 1181 840 1200 ratione
861 1183 959 1205 suspectos

296 1210 389 1229 habuerit.

246 1240 305 1262 Quod
313 1240 383 1259 villatae
391 1240 482 1259 iurabunt
490 1246 525 1264 per
533 1246 553 1259 se
560 1239 590 1258 vel
598 1246 664 1259 omnes
672 1239 729 1259 simul
736 1239 803 1259 erectis
811 1239 905 1259 manibus.

246 1269 319 1288 Forma
327 1269 441 1288 sacramenti
449 1269 488 1288 hoee
496 1271 530 1288 est.

246 1299 312 1318 Verba
330 1305 372 1323 quae
390 1305 402 1318 a
420 1299 526 1318 iustitiariis
545 1299 672 1323 proponenda
690 1300 736 1317 sunt
755 1301 800 1323 post
818 1301 960 1318 sacramentum

296 1329 376 1348 factum.

246 1358 347 1377 Generalis
366 1358 430 1377 forma
449 1358 568 1377 observanda
587 1358 608 1376 in
627 1358 750 1377 sacramentis
770 1364 835 1377 coram
853 1358 960 1377 iustitias-iis

297 1387 395 1407 faciendis.
