1173 1660
226 162 263 179 806
492 160 604 176 BRACTON:
615 160 646 175 DE
658 160 755 176 LEGIBUS

227 198 298 217 seilicet
305 198 407 222 alligatum
415 204 435 217 se
443 198 550 223 principem
558 197 666 223 profiter-il·
675 198 727 217 Item
735 197 782 217 nihil
790 200 831 217 tem
840 198 942 223 proprium
951 200 980 217 est
988 198 1022 217 im-

227 227 275 252 perii
285 234 344 252 quam
353 227 428 252 legibus
436 227 506 250 vivere,
515 230 535 247 et
545 227 606 247 maius
617 227 697 252 imperio
707 229 736 246 est
746 227 820 252 legibus
831 227 943 247 submittere
953 227 1022 252 princi-

227 259 302 282 patum,
313 259 332 276 et
342 257 411 276 merito
421 257 478 276 debet
488 256 594 276 retribuere
604 257 643 282 legi
653 257 705 282 quod
715 257 747 276 lex
758 257 826 276 tribuit
836 257 859 279 ei,
871 257 919 276 {scit
929 257 980 276 enim
991 257 1023 276 lex

227 287 279 312 quod
291 287 333 312 ipse
344 287 369 306 sit
381 293 421 306 rex.
435 287 486 306 Item
498 293 542 306 cum
554 293 594 306 non
606 293 682 311 semper
693 289 783 311 oporteat
795 293 861 311 regem
873 293 914 306 esse
926 289 1023 306 armatum

227 316 285 336 armis
295 316 329 336 sed
339 316 419 341 legibus,
430 316 516 336 addiscat
527 322 561 335 rex
571 316 685 342 sapientiam
696 319 715 336 et
726 318 825 336 conservet
836 316 935 338 iustitiam,
945 318 965 335 et
976 317 1023 335 deus

227 346 320 371 praebebit
327 346 380 365 illam
387 346 428 368 sibi,
436 348 455 365 et
462 352 506 365 cum
513 346 567 365 illam
574 345 669 365 invenerit
676 345 744 365 beatus
751 346 788 365 erit
796 346 812 365 si
819 346 904 365 tenuerit
912 346 971 368 illam,
979 352 1023 365 cum

227 376 251 395 sit
258 375 319 394 honor
325 377 345 395 et
351 375 414 400 glori}
420 376 439 394 in
446 382 533 395 sermone
539 375 616 398 sensati,
623 378 643 395 et
649 375 717 400 lingua
722 375 849 400 imprudentis
854 375 952 395 subversio
956 375 1022 400 ipsius,

227 407 247 424 et
256 405 377 430 principatus
387 405 458 424 sensati
468 405 547 427 stabilis,
558 407 577 424 et
587 411 622 424 rex
632 405 709 430 sapiens
719 405 811 424 iudicabit
821 405 916 430 populum
927 411 989 424 suum,
1001 405 1023 424 Si

227 437 292 454 autem
302 435 362 454 fuerit
371 435 462 460 insipiens
472 435 541 460 perdet
551 435 611 457 illum,
622 435 667 459 quin
677 441 688 453 s
698 435 761 460 capite
771 437 864 460 corrupto
874 435 972 454 deseendit
982 441 1023 454 cor-

227 465 293 489 ruptio
298 464 434 487 membrorum,
441 467 461 484 et
467 464 483 483 si
489 471 555 484 sensus
561 467 581 484 et
587 464 637 484 vires
644 470 683 484 non
690 464 768 489 vigeant
775 465 795 484 in
801 465 871 489 capite,
878 465 965 489 sequitur
971 465 1023 489 quod

227 496 290 513 cetera
301 494 387 513 membra
399 500 455 513 suum
466 500 506 513 non
518 496 611 519 poterunt
622 494 705 513 officium
717 500 811 513 exemere.
824 494 871 513 Non
883 494 945 513 solum
958 496 1023 513 autem

227 524 303 549 sapiens
312 530 353 543 esse
360 523 418 543 debet
425 524 459 543 sed
466 524 578 546 misericors,
587 526 607 543 et
616 530 659 543 cum
668 523 763 549 sapientia
771 524 919 543 misericorditer
927 524 994 546 iustus.
1004 526 1023 543 et

227 553 271 573 licet
279 553 341 573 tutius
349 553 374 573 sit
383 553 463 572 reddere
472 553 565 573 rationem
575 559 612 578 pro
621 553 749 572 misericordia
758 560 817 578 quam
826 560 863 578 pro
872 553 947 572 iudicio.
957 553 1023 572 Tutis—

227 583 297 602 simum
305 585 370 602 tamen
379 585 408 602 est
417 585 439 602 ut
448 582 489 602 ita¹’
498 583 596 608 palpebrm
605 583 645 602 eius
654 583 764 607 praeoednnt
773 589 850 608 gressus
859 589 904 602 suos
914 583 965 608 quod
975 583 1023 602 iudi-

227 613 278 632 cium
287 619 327 632 non
335 612 411 632 vacillet
421 619 457 637 per
466 612 622 637 imprudentiam,
632 618 667 631 nec
676 612 806 632 misericordia
815 612 912 637 desipiat’⁸
922 619 958 637 per
967 612 1023 631 incir-

227 642 409 667 mmspectionem.¹'
420 642 554 661 Misericordia
565 642 658 666 siquidem
670 642 741 661 iniusta
752 644 781 661 est
792 648 837 661 eum
848 642 992 667 incorrigibili,''²
1004 644 1023 661 et

227 679 266 692 non
276 674 305 692 est
314 672 334 691 in
344 678 376 692 eos
385 672 505 691 liberalitatis
515 674 602 697 auguste
612 672 714 691 referenda
724 672 833 691 humanitas
844 672 877 697 qui
888 672 1024 697 impunitatem

227 702 297 722 veteris
310 702 387 721 admissi
400 701 535 721 consuetudini·
547 702 612 726 potius
626 708 684 726 quam
697 702 826 721 emendationi
840 701 980 727 deputarunt.⁸¹
994 702 1024 721 Et

227 738 271 751 cum
281 732 382 756 indulgeat
392 732 450 750 iudex
461 731 546 756 indigno,
558 737 622 750 nonne
633 731 658 750 nd
668 731 797 756 prolapsionis
808 731 920 756 contagium
932 733 1024 756 provocat

227 762 337 781 universos?
347 761 379 780 Sic
388 767 435 786 ergo
444 761 557 780 miserentur
566 761 646 785 indigno
656 763 679 780 ut
688 767 763 785 semper
773 761 844 780 homini
854 760 960 780 condoleat.
972 761 1024 780 Item

227 791 319 816 pauperis
326 797 365 810 non
371 791 485 810 misereatur
491 790 534 815 quis
541 790 561 809 in
567 790 643 812 iudicio,
650 790 779 810 misericordis
786 790 857 810 seilicet
865 790 986 813 remissionis,
993 790 1024 810 cui

227 823 293 841 tamen
307 820 437 840 misericordia
450 820 587 845 compassionis
602 822 630 839 est
645 820 694 839 sicut
708 822 728 839 et
742 820 830 840 omnibus
844 820 979 840 miserendum.
994 820 1024 839 Et

228 850 297 876 quibus
307 852 327 870 et
337 850 420 875 qualiter
429 850 454 869 sit
463 850 598 872 miserendum,
609 856 654 869 eum
664 850 745 869 dooeant
755 850 825 869 merita
835 850 866 869 vel
877 850 970 869 demerita
980 856 1024 875 per-

228 886 325 899 sonarum.

278 943 331 962 Item
339 943 364 962 ad
372 942 418 967 quid
424 942 528 965 imtifimin',
536 945 555 962 et
562 942 692 962 iunkdim'one
700 942 795 967 delegata.

229 973 243 992 f.
252 973 298 996 108]
326 972 417 991 Dmrmr
425 974 454 991 est
461 972 481 991 in
488 972 577 997 proximo
584 972 608 991 de
616 972 713 991 ordinaria
720 972 850 992 iurisdictione
858 979 900 997 quae
908 972 992 997 pertinet
1000 973 1025 992 ad

229 1009 300 1027 regem,
309 1004 448 1027 consequenter
457 1001 559 1021 dioendum
567 1004 597 1021 est
605 1001 630 1021 de
639 1001 768 1021 iurisdictione
778 1002 867 1026 delegata
876 1002 909 1021 ubi
919 1002 961 1027 quis
971 1009 996 1021 ex
1005 1008 1026 1021 se

229 1033 271 1058 ipso
281 1032 356 1052 nullam
365 1032 422 1051 habet
433 1031 573 1053 auctoritatem,
585 1031 618 1050 sed
629 1031 653 1050 ab
664 1031 702 1050 alio
712 1031 747 1050 sibi
758 1032 884 1053 commissam,
895 1038 939 1051 cum
950 1032 981 1051 ille
992 1032 1025 1057 qui

229 1062 306 1087 delegat
314 1068 354 1081 non
362 1061 443 1081 sufficiat
451 1067 487 1086 per
495 1067 515 1080 se
523 1067 589 1080 omnes
597 1066 664 1080 causas
673 1060 712 1080 sive
721 1061 859 1080 iurisdictiones
869 1061 978 1080 terminare.
988 1061 1025 1080 Ue*

229 1092 245 1111 si
254 1092 295 1117 ipse
304 1091 393 1111 dominus
401 1097 435 1110 rex
445 1091 470 1110 ud
478 1090 564 1115 singulas
573 1096 640 1109 causas
648 1090 780 1110 terminandas
789 1097 828 1110 non
837 1090 925 1113 sufficiat,
934 1093 957 1110 ut
966 1091 1026 1110 levior

229 1122 254 1141 sit
265 1121 282 1140 ei
292 1121 347 1140 labor
357 1121 377 1140 in
388 1120 453 1145 plures
464 1126 556 1145 personas
568 1120 647 1144 partitio
659 1126 722 1142 onere,
733 1120 803 1144 eligere
815 1120 871 1139 debet
883 1120 907 1139 de
918 1127 979 1145 regno
991 1126 1025 1140 suo

230 1151 280 1170 viros
291 1150 388 1175 sapientes
399 1152 418 1169 et
429 1150 519 1169 timentes
530 1149 588 1168 deum
600 1149 619 1168 in
631 1149 699 1174 quibus
712 1149 737 1168 sit
747 1150 818 1169 veritas
830 1150 950 1174 eloquiorum
961 1153 981 1169 et
993 1150 1026 1175 qui

229 1180 312 1200 oderint?
321 1179 427 1201 avaritiam,
436 1185 479 1204 quae
487 1179 560 1198 inducit
569 1178 701 1203 cupiditatem,
710 1181 730 1198 et
739 1185 764 1198 ex
773 1179 809 1198 illis
818 1180 935 1199 constituere
944 1180 1025 1199 iustitia-

229 1210 273 1232 rios,
282 1209 414 1231 vicecomites:
422 1211 442 1228 et
451 1209 498 1228 alios
506 1208 603 1227 ministros
612 1210 631 1227 et
640 1208 720 1227 ballivos
729 1215 779 1231 suos,
788 1209 857 1234 quibus
866 1209 977 1229 referantur
985 1212 1026 1229 tam

229 1265 347 1285 ”proficiscere
356 1264 373 1279 ld
382 1266 406 1279 eat
415 1263 492 1283 profiteri,
501 1264 524 1282 V;
533 1263 614 1283 proficere,
624 1264 665 1282 MA;
675 1263 765 1283 profecerit,
777 1264 817 1282 Ml³;
827 1264 893 1284 protem,
902 1265 940 1283 0135
950 1265 1025 1284 confiteri,

229 1291 263 1306 GE*
281 1290 294 1299 ¹⁷
301 1290 341 1308 On,
349 1289 384 1308 OB,
391 1289 430 1308 MA,
438 1289 476 1308 ΜΒ,
484 1289 504 1304 Υ.
523 1288 616 1308 ”dedpht,
625 1289 644 1308 V,
652 1288 686 1307 OC,
695 1289 734 1308 ΜΘ,
743 1289 780 1308 CM,
789 1289 829 1308 Μῦς
838 1290 904 1309 ᾱαιρίι,
912 1290 950 1309 0B;
959 1290 1025 1310 desipia-

229 1318 260 1335 tur,
271 1316 308 1331 MA.
329 1315 423 1330 ”ineertum
432 1315 532 1334 spectionem,
542 1314 577 1333 ΟΒ,
587 1314 621 1333 OC,
631 1314 669 1333 CM,
679 1314 702 1332 Y;
712 1315 787 1330 incertam
798 1316 914 1334 inspectionem,
925 1316 967 1334 Μῦς
978 1317 1025 1331 inter-

229 1341 287 1357 dietum
297 1342 397 1361 speonnam,
407 1340 449 1359 MA;
459 1340 632 1359 mmmspeeuonem,
642 1339 662 1358 V,
673 1339 708 1358 ΟΔ,
718 1340 756 1359 ΜΒ,
767 1340 801 1359 CB,
812 1340 849 1355 MC.
871 1340 980 1361 ”eun-igibus,
991 1341 1025 1360 OB,

230 1367 268 1386 MA,
278 1367 297 1382 Y.
319 1366 332 1375 ⁸¹
338 1366 452 1386 dapum-verint,
462 1365 497 1384 01³,
507 1365 548 1383 MA;
558 1365 677 1385 deputoverunt,
688 1365 725 1380 ΜΒ.

271 1392 304 1410 ¹et,
314 1391 334 1410 V,
343 1391 376 1407 OC.
396 1390 480 1409 'adamim
489 1390 509 1409 V,
518 1390 552 1409 OC,
562 1390 600 1405 MA.
621 1389 674 1409 ¹0:11..
684 1390 719 1409 ΟΒ,
729 1391 767 1409 ΜΔ,
778 1391 816 1409 ΜΒ,
826 1391 846 1406 Y.
