1173 1660
458 162 488 178 DE
500 162 637 178 aenomaus
910 163 947 181 81⁵

152 206 200 225 pace
210 206 270 224 usque
281 200 305 219 ad
315 202 390 219 certum
399 200 456 222 diem,
466 206 522 225 quem
532 200 613 219 dilectus
623 202 643 219 et
654 200 715 219 fidelis
726 202 791 219 noster
800 200 844 219 talis
854 199 890 219 tibi
901 199 948 219 scire

153 230 218 252 faciat,
226 232 246 249 et
254 229 330 249 interim
338 232 428 249 etcetera.
437 230 466 249 Et
475 236 574 249 summoue
582 236 614 249 eos
622 232 711 252 etcetera,
720 230 772 254 quod
781 232 828 249 tunc
836 229 875 249 sint
883 235 949 248 coram

153 259 236 284 prefato
245 259 280 278 tali
290 261 310 278 ct
320 259 375 279 sociis
385 259 424 279 suis
434 266 482 284 quos
492 261 581 282 etcetera,
592 260 618 279 ad
628 261 702 279 certum
712 259 769 278 diem·
780 259 806 279 et'
817 259 881 278 locum
891 265 949 284 quem

152 289 187 309 tibi
196 289 244 308 scire
253 289 319 311 faeiat,
329 289 393 314 parati
402 291 491 309 eteetera.
501 289 531 309 Et
541 289 567 308 sic
576 289 611 309 fiet
620 289 644 308 de
654 289 695 308 aliis
706 289 774 309 assisis.
785 289 814 308 Et
824 289 844 308 in
854 295 893 313 quo
903 295 948 308 casu

152 319 247 343 contingit
255 319 367 338 multotiens
376 319 427 344 quod
436 319 501 344 aliqua
508 319 533 338 de
541 325 599 338 causa
607 319 630 338 fit
638 319 673 339 tali
681 319 784 338 iustitiario
793 319 892 338 associatio
901 318 948 337 alt&

153 348 199 367 rius'
210 348 313 371 iustitias-ii,
325 349 350 368 ad
362 348 517 373 impetrationem
529 348 649 368 disseisitoris
661 349 713 368 forte
725 351 747 368 ut
759 348 824 373 captio
836 348 898 368 assisoe
910 348 948 367 dif-

153 379 229 398 feratur
235 380 255 398 et
261 378 281 398 in
288 378 383 398 fraudem.
391 378 420 398 Et
427 385 465 403 quo
472 384 518 398 casu
525 379 540 397 si
547 378 592 398 talis
599 378 672 398 venerit
679 378 751 397 bonum
758 380 792 397 est.
802 378 823 397 Si
830 380 896 397 autem
903 384 948 400 non,

153 408 275 427 nihilominus
286 408 378 433 procedat
389 408 454 430 assisa,
465 408 510 433 quia
521 408 565 433 plus
576 408 633 427 habet
645 408 765 427 auctoritatis
776 408 833 427 breve
844 410 913 433 patens
925 408 949 427 de

153 438 246 463 capiendo
258 438 337 457 assisam
350 444 409 463 quam
421 438 478 457 breve
490 438 576 457 clausum
589 438 613 457 de
626 438 756 460 associatione,
770 438 806 457 nisi
818 438 846 457 ita
859 438 884 457 sit
897 438 949 462 quod

153 468 256 487 mandetur
262 474 353 493 expresse
360 468 412 492 quod
419 468 459 487 sine
467 468 501 487 tali
509 474 548 487 non
556 468 649 492 capiatur.
659 467 680 487 Si
689 470 754 487 nutem
761 468 824 492 primo
832 467 949 487 summonita

153 497 213 517 fuerit
221 498 279 517 assisa
286 504 351 517 coram
358 497 465 517 iustitiariis
473 498 524 516 forte
532 497 585 522 apud
593 497 794 520 Westmonasterium,
803 500 822 517 et
830 497 948 517 constituan—

153 529 186 546 tur
193 527 317 552 postmodum
325 527 421 547 iustitiarii
429 527 449 546 in
456 527 548 546 comitatu
556 530 578 546 ut
586 527 651 552 captio
659 527 721 546 assisae
729 529 843 549 maturetur,
851 526 905 546 tunc·
913 527 949 546 flat

153 557 210 576 breve
218 557 238 576 in
245 557 281 576 hac
289 557 359 576 forma.

203 586 267 606 Breve
277 587 293 606 αι’
303 587 327 606 de
338 586 398 606 banco
409 586 539 610 transferatur
550 586 610 606 aesica
619 592 681 611 mque
691 586 717 606 ad
727 586 839 605 comitatum
850 586 876 605 ad
887 588 949 606 certos

203 616 320 635 iustitias-ios.

153 646 201 665 Rex
208 646 234 664 A.
242 646 266 664 B.
275 646 297 665 C.
305 645 393 665 salutem.
402 645 471 665 Sciatis
478 646 530 670 quod
537 645 671 665 constituimus
679 652 713 665 vos
720 645 832 665 iustitiarios
840 648 916 665 nost-tos
924 646 949 665 ad

153 675 232 694 assisam
238 675 311 694 ultimae
317 675 470 700 presentationis
477 675 596 700 capiendam,
604 681 646 700 quoe
654 675 770 694 summonita
777 675 816 694 fuit
823 681 888 694 coram
895 675 949 694 iusti-

153 704 213 724 tiariis
222 705 292 724 nostris
300 705 353 730 apud
362 705 558 724 Westmonasterium
566 705 617 724 inter
625 705 652 723 A.
661 707 773 729 querentem
782 707 801 724 et
810 705 834 724 B.
844 705 949 730 impedien-

153 737 198 757 tem,
206 735 230 754 de
237 734 316 754 ecclesia
323 734 363 754 tali.
372 734 401 754 Et
409 734 452 753 ideo
460 734 513 753 vobis
521 735 635 753 mandamus
643 736 732 756 etcetera,
740 737 763 753 ut
771 741 836 759 supra.
845 734 949 754 Mandavi-

153 770 196 783 mus
204 764 255 783 enim
263 764 367 783 vicecomiti
376 766 443 783 nostro
451 764 485 783 tali
494 764 546 788 quod
554 764 619 783 venire
628 764 701 783 faceret
709 770 774 783 coram
782 764 837 783 nobis
845 764 880 784 tali
890 764 920 783 die
929 766 949 783 et

153 793 188 813 tali
198 794 246 816 loco,
256 793 287 813 vel
298 794 323 813 ad
334 796 395 813 certos
407 794 457 813 diem
468 796 487 813 et
498 793 561 812 locum
573 793 650 818 quando
661 793 687 812 ad
698 793 733 812 hoc
743 793 843 813 intendere
854 794 949 819 poteritis,

153 823 282 848 recognitores
292 823 343 842 illius
352 823 415 842 assisae
424 823 449 842 ad
459 823 567 842 faciendam
576 823 655 842 assisam
664 823 723 845 illam,
732 823 752 842 in
762 823 799 842 eo¹⁰
808 825 861 843 statu
871 825 891 843 et
900 823 949 843 sicut

153 853 218 872 venire
224 853 345 872 debuerunt¹¹
352 853 387 872 tali
394 853 424 872 die
430 859 495 872 coram
502 853 608 872 iustitiuiis
615 853 686 872 nostris
693 853 746 878 apud
753 853 949 873 Westmonasterium

154 883 179 902 ad
190 883 240 902 idem
251 883 368 902 faciendum.
380 882 517 902 Mandavimus
528 883 587 902 etiam
598 883 615 902 ei
627 882 678 907 quod
690 882 737 902 scire
749 882 809 902 faciat
820 883 912 907 praedicto
924 883 949 902 Β.

153 913 205 937 quod
213 915 261 932 tunc
269 913 294 932 sit
302 913 328 932 ibi
337 913 438 932 auditurus
447 913 526 932 assisam
534 913 588 932 illam
596 913 616 932 in
625 913 692 932 eodem
702 915 754 932 statu
763 913 815 937 quon
825 913 950 932 atterminatis

154 942 192 961 fuit
199 948 264 961 coram
271 942 377 962 iustitiariis
384 942 455 962 nostris
463 943 516 967 apud
522 942 724 965 Westmonasterium,
732 942 766 961 tali
775 943 805 961 die
813 945 902 965 etcetera,
910 949 949 962 non

153 972 242 991 obstante
248 978 271 991 eo
277 972 329 996 quod
336 972 387 991 idem
394 972 433 991 dies
441 972 498 991 datus
504 972 543 991 fuit
550 972 587 997 ipsi
594 972 618 991 B.
626 978 661 997 per
668 972 818 991 essoniaturem²¹
825 979 888 994 suum,
895 975 948 997 post-

153 1008 212 1026 quam
222 1001 316 1021 defaltam
327 1002 399 1021 fecerat
409 1008 474 1020 coram
484 1001 556 1020 eisdem
566 1001 672 1021 iustitiariis
684 1002 736 1026 apud
747 1002 948 1021 westmonasterium.

153 1031 183 1051 Et
190 1031 229 1050 sive
236 1031 309 1050 venerit
316 1031 356 1050 sive
363 1037 407 1053 non,
415 1031 523 1056 procedatis
531 1031 556 1050 ad
563 1031 616 1050 illam
625 1031 703 1050 assisam
710 1031 830 1056 capiendam,
838 1033 881 1051 tum
889 1038 948 1056 prop-

153 1062 183 1080 ter
194 1060 271 1085 lapsum
283 1067 316 1080 sex
328 1060 428 1083 mensium,
440 1063 482 1079 tum
494 1060 539 1085 quia
551 1060 567 1079 si
578 1060 676 1085 praesen?
688 1063 738 1080 esset
750 1061 796 1080 nihil
809 1061 871 1080 dicere
883 1064 948 1086 posset

153 1093 221 1110 contra
231 1090 316 1112 assisam,
327 1097 387 1115 quare
398 1092 505 1109 remaneret
516 1092 560 1115 post
571 1090 683 1114 praedictam
694 1090 789 1110 defaltam
800 1097 858 1115 quam
870 1091 917 1110 feeit
928 1091 948 1110 in

153 1120 237 1144 praefata
246 1119 300 1139 curia
309 1120 363 1144 apud
373 1119 574 1139 westmonasterium.
585 1119 614 1139 Et
625 1120 645 1138 in
655 1120 709 1139 cuius
719 1120 747 1139 rei
757 1120 888 1139 testimonium
899 1123 947 1140 etce-

152 1152 200 1169 tera.
208 1150 267 1169 Teste
274 1151 362 1168 etcetera.
369 1149 445 1168 Alia-1¹·
453 1149 509 1168 breve
516 1149 540 1168 de
546 1149 613 1168 eodem
620 1149 706 1168 clausum
714 1149 818 1169 vicecomiti
825 1150 948 1174 dirigendum

153 1179 173 1198 in
182 1179 217 1198 hac
226 1178 309 1198 forma¹⁸

203 1209 266 1228 Breve
274 1208 361 1227 clausum
369 1208 394 1228 de
402 1208 468 1227 eodem
477 1208 582 1228 vicecovdti
591 1208 718 1233 dirigendum.

153 1239 201 1258 ΒΕΑ(
210 1238 314 1257 vicecomiti
325 1238 412 1257 salutem.
423 1237 477 1257 Scias
487 1238 539 1262 quod
548 1238 682 1258 constituimus
691 1238 740 1258 tales
750 1239 861 1259 iustitiarics
872 1241 948 1258 nostros

152 1268 178 1287 ad
188 1268 266 1287 assisam
277 1268 349 1287 ultimae
359 1267 512 1292 praesentationis
522 1267 641 1292 capiendam,
653 1274 695 1293 quoe
706 1269 822 1288 summonita
833 1269 872 1288 fuit
883 1275 948 1288 coram

152 1317 171 1326 ·-¹
177 1318 218 1337 οη,
225 1317 260 1336 οΛ,
268 1318 302 1336 oe,
309 1317 348 1333 uc.
367 1317 420 1336 mun,
428 1317 463 1337 013,
471 1318 509 1336 MA,
517 1317 555 1336 ΜΒ,
564 1318 584 1337 Y,
592 1318 628 1336 αῖς
639 1318 672 1337 (vel
679 1319 777 1338 mamam,
785 1319 832 1338 CM).
851 1318 858 1327 ·
864 1319 904 1338 cm„
913 1319 948 1338 oa,

152 1343 191 1362 MA,
198 1343 235 1359 ua.
253 1342 266 1351 ¹⁰
272 1343 331 1361 eodm,
337 1342 371 1361 oc,
378 1342 411 1358 cz.
429 1343 442 1351 ¹¹
448 1342 535 1362 debuerint,
542 1343 581 1361 uo,
588 1343 628 1361 cm
635 1343 714 1363 deberent,
722 1344 755 1360 oc.
774 1343 809 1359 ”in
816 1349 851 1364 quo,
859 1344 906 1360 mss.
914 1349 947 1360 m.

151 1367 165 1377 ¹¹
171 1369 285 1387 camni-mrem,
292 1368 328 1386 LA;
335 1369 417 1386 anonim,
424 1368 438 1383 V
441 1373 446 1386 ἦ
453 1372 508 1387 eamn„
515 1368 562 1383 MSS.
575 1368 589 1376 ¹¹
594 1368 615 1383 ad
621 1373 695 1388 praem,
702 1369 737 1388 ΟΒ,
744 1369 783 1389 MA,
790 1370 828 1389 ΜΒ,
835 1370 855 1385 Y.
868 1369 902 1378 ¹¹¹¹¹
907 1370 948 1389 0111„

154 1393 240 1413 (mbram),
247 1393 285 1412 MA,
293 1393 327 1412 oc,
334 1393 372 1409 MG.
