1173 1660
218 160 254 178 162
483 158 595 173 BRACTON:
606 158 636 173 DE
648 158 744 174 LEGIBUS

216 196 241 216 de
252 196 338 216 Ricardo
349 196 373 215 de
385 196 446 215 Wika
457 198 477 215 et
488 196 552 221 priore
564 196 588 215 de
600 195 742 221 Tywardray‚·'
754 195 813 215 assisa
824 195 897 215 ultimae
909 198 1012 221 presenta-

216 227 274 246 tionis
285 227 310 246 de
321 226 399 246 eeclesia
410 226 434 245 de
445 226 512 248 Wika,
523 226 556 245 ubi
567 232 607 245 non
618 226 679 246 valuit
690 226 769 245 donatio
781 226 835 245 faeta
846 226 871 245 de
882 226 1012 248 advocatione,

217 257 263 282 quia
272 256 318 276 ille⁸⁸
328 257 360 281 qui
370 256 423 276 dedit
433 262 539 281 numquam
548 256 587 275 fuit
597 256 617 275 in
627 256 696 276 seisina
706 256 840 281 pnesentandi,
851 262 886 275 nec
896 259 968 276 terram
979 257 1012 275 ali-

217 287 232 306 f.
240 287 274 310 54]
302 293 361 312 quam
370 286 438 306 habuit
447 286 468 306 in
477 286 523 306 villa
533 286 566 306 illa
576 287 601 306 ad
612 293 670 312 quam
681 287 781 306 adventio
791 286 824 306 illa
835 286 900 312 potuit
910 287 1013 311 pertinere,

216 317 304 342 quamvis
320 317 386 336 multoe
403 316 558 336 confirmationes
575 317 709 342 episooporum
726 319 745 336 et
762 316 885 336 dominorum
901 317 1013 342 capitalium

217 347 369 367 intervenissent¹
379 347 464 372 Oportet
473 347 540 372 igitur¹
549 347 601 372 quod
610 347 710 367 advocatio
719 353 764 366 eum
773 354 794 366 re
802 347 898 372 corporali
907 348 1013 367 transfera-

216 380 251 397 tur
261 384 305 397 cum
316 377 384 397 seisim
394 377 445 397 illius
456 378 489 403 qui
500 377 601 400 transfert,
611 377 642 397 vel
653 377 733 397 alicuius
744 380 886 397 antecessorum
897 384 982 400 suorum,
993 380 1013 397 et

216 414 261 427 cum
270 408 297 427 sic
306 408 360 427 faeta
369 408 428 433 fuerit
439 408 517 427 donatio
527 408 657 427 advocationis
666 414 710 427 eum
720 410 836 430 tenemento,
847 408 901 427 facta.
910 408 1013 427 traditione

217 438 244 457 rei
252 438 363 463 corporalis,
370 437 458 457 videlicet
466 437 576 460 tenementi,
584 438 651 457 statim
658 438 726 462 incipit
735 438 846 457 donatarius
855 438 953 463 possidere
961 440 1013 457 tene-

217 470 304 487 mentum
316 467 370 490 illud,
382 470 401 487 et
412 467 467 492 quasi
479 467 576 492 possidere
588 467 617 487 ius
629 467 767 492 praesentandi:
780 468 868 487 seisinam
881 470 946 487 autem
958 473 1013 486 num—

217 503 276 522 quam
286 497 363 517 habebit
373 499 477 522 antequam
487 497 565 516 eeclesia
575 497 672 517 vacaverit
682 497 711 516 ut'
721 500 769 516 tunc
779 499 896 522 praesentare
906 497 973 522 possit.
985 497 1014 516 Et

217 527 269 546 unde
277 527 293 546 si
300 527 380 546 donatio
388 527 441 546 facta
449 527 509 546 fuerit
517 529 594 546 tantum
603 526 704 546 donatario
713 526 753 546 sine
761 526 869 549 heredibus,
878 527 893 546 si
902 527 922 546 in
930 527 971 546 vita
979 533 1014 546 sua

217 556 320 579 vacaverit,
331 559 447 582 praesenme
457 557 530 582 poterit
541 559 561 576 et
570 557 599 575 uti
611 556 680 576 seisina
690 563 730 575 sua.
743 556 764 576 Si
776 559 841 576 autem
852 563 897 578 non,
909 556 1014 575 remanebit

217 586 341 611 praesentatio
349 592 393 606 eum
403 586 502 608 donatore,
511 586 541 605 vel
550 586 566 605 si
575 586 628 605 illam
637 586 657 605 in
666 586 707 605 vita
716 592 751 605 sua
760 586 834 605 dederit
844 586 900 605 alicui
910 588 1014 611 antequam

218 619 279 639 vacet,
292 623 332 636 non
345 616 416 635 valebit
429 616 508 635 donatio
521 622 545 635 ex
559 622 597 640 quo
610 622 649 635 non
663 615 702 635 tuit
715 615 736 634 in
749 616 818 635 seisina
831 615 966 640 praesentandi,
980 615 1014 635 sed

218 646 324 665 remanebit
333 652 377 665 cum
385 646 484 665 donatore.
494 645 515 664 Si
525 647 591 664 autem
600 645 632 665 sic·
642 645 695 664 faeta
705 645 765 664 fuerit
774 645 858 667 donatio,
868 645 904 664 θῆκ’
913 648 932 664 et
942 645 1014 664 heredi-

218 676 255 695 bus
266 675 311 698 suia,
323 675 346 695 si‘
358 675 378 694 in
390 675 430 695 vita
442 675 538 695 donatarii
550 681 590 694 non
602 675 699 694 vacaverit
711 675 763 700 quod
776 677 892 700 presentare
905 675 971 699 possit,
984 675 1014 694 ius

217 708 284 725 tamen
293 705 422 730 praesentandi
433 705 548 724 transmittit
559 704 584 723 ad
594 704 672 724 heredes
684 711 728 724 suos
738 705 858 729 propinquos
869 706 889 724 et
900 707 983 724 remotus
994 704 1015 723 in

218 735 322 757 infinitinn,
335 735 359 754 de
372 735 441 754 seisina
454 734 552 754 donatoris
565 737 585 754 et
598 734 690 753 warranti
703 734 738 756 sui,
752 734 801 753 sicut
814 734 839 753 de
852 734 922 753 seisina
935 734 1014 753 alicuius

218 765 351 785 anteoessorist
359 767 379 784 et
387 764 499 784 donatarius
507 771 583 789 semper
591 771 615 783 ex
623 764 726 784 donatione
734 767 763 784 est
772 764 826 789 quasi
834 764 854 783 in
863 764 987 789 possessione,
995 766 1014 783 et

218 795 295 814 videtur
302 795 331 814 uti
339 794 399 814 donec
407 794 496 814 seiainam
504 794 588 813 miserit
596 800 632 819 per
639 800 678 813 nou
686 800 749 816 usum,
757 794 792 813 hoc
801 796 830 813 est
838 794 854 813 si
862 794 976 813 donatorem
984 793 1014 813 vel

218 824 277 844 alium
286 831 310 844 ex
318 824 437 849 negligentia
443 823 474 843 vel
482 824 577 849 patientia.
584 830 620 843 sua
627 826 744 849 presentare
752 823 860 849 permiserit
869 823 901 843 ad·
910 823 1015 843 eeclesiam·

218 861 262 873 cum
271 854 374 876 vacaverit,
383 860 422 878 quo
431 860 476 873 casu
486 860 592 878 numquam
602 853 723 878 recuperabit
733 853 781 878 ipse'
791 859 826 872 nec
835 853 914 872 heredes
924 853 959 875 sui,
970 853 1015 878 quia

218 890 280 903 vacua
292 883 329 903 erit
341 886 394 903 carta
407 886 427 903 et
439 883 518 902 donatio
530 883 570 902 sine
584 883 658 902 seisina.
672 883 694 902 Si
707 885 772 902 autem
785 883 897 902 donatarius
911 885 1015 908 antequam

218 913 297 933 aeclesia
308 913 341 932 illa
351 913 454 935 vacaverit,
465 913 495 932 vel
507 915 611 938 antequam
622 912 772 938 prmentnverit,
783 913 814 932 vel
825 912 904 931 heredes
916 913 945 931 sui
957 912 1014 932 advo-

218 943 314 963 cationem
323 943 376 962 illam
385 942 473 962 dederint
483 942 545 964 alicui,
554 948 599 961 eum
608 944 718 961 tenemento
727 942 758 961 vel
768 942 814 964 sine,
824 948 864 961 non
874 942 945 961 valebit
956 942 1015 961 dona-

218 973 252 995 tio,
262 973 308 997 quia
317 972 403 997 quamvis
414 972 443 991 ius
453 972 582 997 praesentandi
591 972 717 994 transferant,
728 974 793 991 tamen
803 971 892 991 sei-sinam
903 978 942 991 non
952 974 1015 991 trans-

219 1003 286 1023 ferunt
296 1009 354 1027 quam
363 1008 403 1021 non
412 1002 492 1021 habent:
502 1002 535 1021 sed
545 1008 621 1027 semper
630 1002 736 1021 remanebit
745 1008 790 1021 eum
799 1001 893 1021 donatore
903 1001 936 1026 qui
947 1001 1015 1021 ultimo

218 1032 348 1057 praesentavit,
357 1032 393 1051 nisi
402 1032 454 1051 forte
462 1032 487 1051 sit
496 1032 524 1051 ita
532 1032 584 1056 quod
593 1031 671 1051 donatio
680 1032 733 1051 facta
742 1031 767 1050 sit
775 1031 877 1050 donatario
886 1033 905 1050 et
914 1031 1015 1050 heredibus

219 1062 264 1084 suis,
274 1062 305 1081 vel
315 1062 346 1081 cui
356 1062 402 1081 dare
413 1061 443 1081 vel
454 1062 552 1086 assignare
562 1061 650 1083 voluerit,
662 1063 743 1086 propter
754 1061 833 1080 modum
844 1061 958 1083 donationis,
970 1061 1015 1086 quia

219 1091 316 1110 donatarii
329 1093 349 1110 et
362 1091 455 1116 assignati
468 1093 525 1110 erunt
539 1091 580 1110 loco
594 1090 692 1110 heredum.
707 1090 746 1110 Sed
760 1090 783 1109 si·
796 1097 841 1110 eum
854 1090 909 1109 nulla
923 1090 976 1110 facta
990 1091 1015 1109 sit

219 1121 291 1140 mentio
298 1121 323 1140 de
330 1121 438 1146 assignatis,
446 1120 558 1140 donatarius
566 1120 596 1139 vel
605 1120 645 1139 eius
653 1120 731 1139 heredes
739 1120 828 1139 dederint
836 1120 867 1139 vel
875 1120 1015 1145 assignaverint

219 1152 324 1175 antequam
336 1150 424 1170 seisinam
436 1150 545 1172 habuerint,
558 1152 577 1169 et
590 1150 702 1169 donatarius
715 1150 745 1169 vel
758 1150 867 1174 assignatus
880 1155 925 1168 eum
937 1149 1016 1169 eeclesia

219 1179 316 1199 vacaverit
325 1179 482 1204 praetentaverit:
491 1182 511 1199 et
520 1186 556 1204 per
564 1179 702 1204 negligentiam
712 1179 756 1198 vel¹⁰
766 1179 880 1204 patientiam
889 1179 947 1204 primi
956 1179 1015 1198 dona-

218 1209 263 1229 tarii
272 1209 366 1229 admissus
374 1209 434 1229 fuerit
441 1209 521 1229 clericus
529 1209 554 1229 ad
562 1215 629 1229 eorum
638 1209 811 1234 praesentationem,
819 1209 846 1228 sic
854 1209 946 1234 incipient
955 1208 1015 1234 possi·

219 1239 265 1258 dere
277 1245 301 1259 ex
313 1239 431 1264 negligentia
443 1239 477 1258 et¹¹
488 1239 583 1264 patientia
595 1239 682 1261 aliorum,
695 1241 714 1258 et
726 1239 805 1264 incipiet
817 1238 881 1258 valere
893 1239 978 1261 donatio,
990 1245 1015 1258 ex

219 1289 232 1298 '⁷
239 1289 337 1308 Trlvarday,
349 1289 443 1309 Tyrarday,
457 1289 566 1309 Tyvardrayt,
579 1289 692 1309 Tyvardrayd,
705 1288 812 1308 'triv-tany,
824 1288 919 1309 ‚rw-tany,
932 1288 1015 1308 eumdny,

220 1314 309 1333 hlutrein,
316 1314 363 1330 MSS.
371 1319 403 1329 var⁴
421 1314 435 1323 ⁸⁸
440 1315 479 1334 ipae,
486 1314 521 1333 OB,
529 1315 567 1333 MA,
574 1314 613 1333 ΜΒ,
620 1315 657 1330 CM.

261 1339 267 1348 ¹
273 1339 314 1358 Om„
320 1339 358 1358 MA,
365 1340 403 1358 ΜΒ,
409 1340 440 1355 CM
445 1345 449 1358 ;
455 1345 499 1359 ergo,
504 1339 538 1355 ΟΒ.
550 1339 557 1348 ⁸
563 1341 584 1358 et,
590 1340 610 1359 V,
617 1340 655 1358 ΜΟ,
662 1340 682 1358 Y,
688 1340 721 1356 OC.
733 1339 739 1348 ⁸
745 1340 786 1358 Οιιι,
790 1340 825 1358 ΟΒ,
831 1340 869 1358 MA,
874 1340 911 1355 ΜΒ.
924 1339 930 1348 ¹
936 1340 976 1360 Om„
981 1340 1016 1358 OB,

220 1364 258 1383 ΜΔ,
265 1364 302 1380 ΜΒ,
315 1364 334 1373 ¹⁴
340 1365 380 1383 Om„
386 1365 421 1383 ΟΒ,
428 1365 467 1384 ΜΔ,
473 1365 511 1380 ΜΒ.
524 1364 530 1373 ⁷
536 1366 571 1384 me,
578 1365 611 1383 LA,
619 1365 638 1380 Y.
651 1365 657 1373 “
663 1365 703 1384 0m.,
710 1365 745 1384 OB,
752 1365 791 1384 ME,
800 1365 828 1384 (ἦ-
835 1365 884 1384 MA),
891 1365 924 1380 OC.
937 1365 943 1374 ⁸
949 1370 1016 1385 pruen-

219 1390 293 1408 taverint,
302 1389 337 1408 ΟΔ,
347 1390 380 1409 LA,
390 1390 424 1408 OC,
434 1390 468 1408 CB,
478 1390 498 1409 Y,
509 1390 546 1405 MC.
567 1390 580 1399 ¹⁶
586 1390 611 1406 vel
621 1395 655 1410 per,
665 1390 685 1409 V,
694 1390 729 1410 ΟΔ,
740 1391 773 1409 LA,
784 1391 821 1409 CM,
832 1391 869 1406 MC.
891 1391 904 1399 ¹¹
910 1391 940 1410 vel,
950 1391 970 1409 V,
981 1390 1015 1406 OB.
