1173 1660
429 171 460 186 DE
472 170 574 186 PLACITIS
585 170 680 186 CORONAE
916 172 954 191 837

159 208 211 233 quod
223 214 267 227 cum
279 208 321 233 ipse
333 208 443 233 appellatus
455 208 529 228 veniret
541 215 606 228 coram
618 209 661 234 ipso
673 208 785 233 appellante
797 210 817 228 et
830 211 891 228 staret
904 209 955 228 inter

159 237 231 262 plures,
242 237 320 263 ipsum¹¹
330 244 369 257 non
379 238 470 263 cognovit
480 244 515 257 nec
526 238 580 258 seivit
591 238 655 263 ipsum
666 238 690 257 ab
701 238 742 257 aliis
753 238 866 257 discernere.
878 238 955 258 Poterit

159 268 218 287 etiam
228 268 285 293 plura
296 268 335 287 alia
344 270 410 293 petere
421 268 456 287 sibi
467 268 550 290 auocari,
562 268 586 287 de
597 268 628 287 die
639 270 658 287 et
669 268 717 287 hora
727 270 747 287 et
758 268 870 290 variatione,
881 270 901 287 et
913 268 955 287 aliis

159 297 253 322 pluribus,
261 297 366 316 secundum
374 297 426 322 quod
433 298 514 317 inferius
523 297 598 317 dioetur
605 297 629 317 de
638 297 725 322 appellis.
734 297 769 316 Ad
777 297 899 322 exceptiones
908 297 955 317 istas

159 329 237 352 oportet
243 327 295 352 quod
301 327 402 352 appellans
409 327 525 352 respondeat
533 327 557 346 ad
565 327 651 352 singulos
658 327 748 346 articulos
755 333 791 352 per
798 327 891 349 ordinem,
898 329 921 346 ut
928 327 955 346 sic

159 359 258 376 remaneat
268 356 368 382 appellum
378 357 403 376 ad
413 356 509 376 iudicium.
520 357 550 376 Et
559 358 607 376 tunc
617 356 721 376 videndum
732 356 773 381 quis
784 357 845 381 possit
855 359 875 376 et
886 357 955 376 debeat

159 386 248 405 iudicare.
258 386 287 406 Et
296 386 395 405 sciendum
403 386 454 411 quod
463 392 502 405 non
511 387 552 411 ipse
561 393 602 408 rex,
611 386 657 411 quia
665 386 692 405 aie
700 388 750 406 esset
759 386 779 405 in
788 386 865 411 querela
875 386 956 411 propria

159 418 213 435 actor
222 418 242 435 et
251 416 310 435 iudex
319 416 339 435 in
349 416 419 435 iudicio
428 416 472 435 vitae
482 418 502 435 et
511 415 642 435 membrorum
652 418 672 435 et
682 416 840 438 exheredationis,
851 416 903 441 quod
914 415 954 441 qui-

159 446 203 465 dem
211 452 251 465 non
260 449 309 465 esset
318 446 334 465 ai
343 446 421 471 querela
429 448 479 465 esset
488 445 574 465 aliorum.
586 446 637 465 Item
647 445 759 465 iustitiarius
768 452 814 468 non,
823 452 867 465 cum
876 446 897 465 in
906 446 955 465 iudi-

159 475 174 494 ἰ.
182 475 242 499 119b]
269 475 302 495 ciis
314 481 417 500 personam
428 475 500 495 domini
511 475 562 500 regis
573 475 627 494 euius
639 476 688 494 vices
700 476 751 500 gerit
762 477 892 500 repraesentet.
905 475 955 498 Quis

158 512 205 530 ergo
216 505 318 525 iudicabit?
327 505 425 524 Videtur-³⁰
435 505 476 524 sine
485 505 596 530 praeiudicio
605 505 688 524 melioris
699 505 798 524 sententiae
809 505 860 530 quod
871 505 924 524 eiii-ia
935 507 955 524 et

159 541 215 560 pares
224 535 343 557 iudicabunt,
351 541 375 554 ne
384 535 478 554 maleficia
486 537 598 554 remaneant
607 535 708 560 impunita,
718 537 738 554 et
746 535 829 554 maxime
838 535 871 554 ubi
880 535 955 560 perieu-

159 565 200 584 lum
207 565 267 584 fuerit
275 565 319 584 vitoe
326 567 345 584 et
353 565 482 584 membrorum
490 565 520 583 vel
528 564 686 587 exheredationis,
694 571 738 583 mim
746 565 787 589 ipse
795 571 830 584 rex
838 571 884 589 pars
893 565 954 584 actrix

159 601 199 614 esse
207 595 276 614 debeat
282 595 303 613 in
309 594 385 614 iudicio.
394 594 433 613 Sed
440 594 460 613 in
467 594 503 613 hac
510 596 567 619 parte
573 597 596 613 ut
604 594 681 613 videtur
688 594 724 613 erit
732 594 890 621 distinguendum
898 594 955 619 quale

159 624 184 644 sit
194 624 269 643 factum
278 624 302 643 de
311 631 350 649 quo
359 624 476 649 proponitur
485 623 590 649 appellum,
600 626 667 643 utrum
677 623 747 643 scilicet
757 623 796 643 sit¹¹¹
806 624 832 643 ibi
842 624 915 643 felonia
924 624 955 643 vel

159 654 292 679 transgressio,
302 654 348 679 quia
357 654 446 679 quaelibet
456 653 583 678 transgressio
593 653 630 672 dici
640 659 680 672 non
690 653 747 672 debet
758 653 835 676 felonia,
846 654 933 678 quamvis
944 660 955 673 e

159 691 256 704 converso.
269 684 290 703 Si
302 686 367 703 autem
378 683 404 702 ibi
415 683 475 702 fuerit
487 683 564 705 felonia,
576 685 623 702 tune
635 683 737 702 iudicanda
748 685 793 702 sunt
805 683 863 702 verba
876 683 954 708 appelli,

159 715 207 734 ordo
215 717 235 733 et
244 720 350 739 prooessus,
359 715 382 732 ut
391 713 434 733 sciri
443 713 504 738 possit
514 713 530 732 si
538 713 590 732 inter
598 713 730 738 appellantem
739 715 759 733 et
769 713 890 738 appellatum
900 714 954 738 iungi

158 745 220 770 possit
230 744 322 767 duellum,
332 744 390 769 quia¹¹
402 744 417 763 si
428 743 453 763 ad
464 743 564 768 appellum
574 744 681 763 accusantia
692 746 772 768 paratus
783 746 833 763 esset
844 744 954 769 appellatus

159 775 199 795 sine
210 775 334 800 responsione
345 774 422 794 vadia-re
433 774 525 796 duellum,
536 774 643 799 praeoedere
654 774 732 793 deberet
744 774 860 794 examinatio
872 777 895 794 ut
906 781 954 800 prae-

158 806 232 825 dictum
242 808 277 825 est⁴
288 805 318 825 Et
329 805 344 824 si
355 805 396 824 sine
406 805 547 824 examinatione
558 807 626 824 contra
637 804 729 824 iustitiam
740 807 790 824 esset
801 805 907 827 vadiatum,
918 811 955 830 per

158 836 320 855 examinationem
327 838 392 861 posset
400 835 503 855 devadiari.
512 835 533 854 Si
542 837 607 854 autem
615 835 654 855 tale
662 835 687 855 sit
694 835 769 855 factum
777 836 829 860 quod
837 835 920 855 debeat'¹
928 836 954 855 ibi

158 867 220 891 magis
231 866 359 891 transgressio
371 872 429 891 quam
441 866 513 885 felonia
525 866 612 885 denotari
625 866 730 885 remanebit
743 866 834 888 duellum,
847 867 881 886 sed
893 866 954 885 tune”

158 897 262 916 videndum
270 899 337 916 utrum
345 896 472 921 transgressio
480 896 514 915 illa
522 903 564 921 quae
572 896 637 921 tangit
645 903 711 921 regem
719 897 783 921 gravis
793 897 852 916 fuerit
861 897 892 916 vel
901 897 953 920 levia,

158 927 197 947 sive
206 927 247 949 sibi,
256 927 295 946 aive
304 928 360 946 uxori
369 927 402 946 et¹‘
411 927 482 952 pueris.
492 927 518 946 In
527 927 566 946 suis
575 933 620 946 vero
629 927 701 952 poterit
710 933 745 946 rex
754 927 846 946 inim-lari.
857 928 879 947 Si
888 930 954 947 autem

158 958 204 977 levis
212 957 272 977 fuerit
279 957 407 982 transgressio
415 963 456 982 quae
464 963 542 982 poenam
549 957 626 982 infligat
634 957 764 982 pecuniariam
772 960 849 977 tantum
858 960 878 977 et
886 958 953 980 levem,

158 988 206 1007 bene
218 990 300 1013 possunt
312 988 409 1007 iustitiarii
421 988 461 1007 sine
474 988 553 1013 paribus
566 988 655 1007 iudicare.
670 988 692 1007 Si
705 990 770 1007 autem
783 988 847 1013 grav-is
860 989 920 1008 fuerit
934 991 953 1008 et

157 1019 246 1043 proxima
256 1018 404 1041 exheredationi,
414 1019 466 1043 quod
475 1018 627 1043 redemption-
637 1018 721 1041 induent,
731 1018 757 1037 ibi
767 1019 837 1038 debent
847 1025 904 1044 pares
915 1019 953 1038 iuse

157 1049 233 1069 titiariis
241 1049 336 1071 associari,
344 1055 368 1068 ne
375 1049 417 1074 ipse
424 1055 459 1068 rex
466 1055 502 1074 per
509 1049 593 1074 seipsum
601 1049 631 1068 vel
639 1049 750 1069 iustitiarios
758 1049 816 1068 suos¹¹
825 1050 865 1069 sine
873 1050 953 1075 paribus

157 1082 211 1098 actor
219 1079 244 1099 sit
252 1082 271 1099 et
279 1080 343 1099 iudex.

207 1111 240 1130 De
247 1110 326 1130 mimine
333 1110 379 1134 fabi
387 1113 406 1130 et
413 1110 453 1130 mie
460 1110 564 1135 epea-iebus.

157 1141 199 1160 Ea'r
206 1144 225 1160 et
232 1141 284 1160 aliud
291 1148 353 1166 genus
360 1141 443 1160 criminis
451 1141 499 1160 laesae
505 1141 611 1161 maiestatis
619 1141 670 1166 quod
678 1142 728 1161 inter
735 1142 825 1166 graviora
833 1144 952 1164 numeratur,

157 1172 203 1197 quia
208 1172 299 1191 ultimum
305 1172 380 1191 inducit
387 1171 503 1197 supplicium
510 1174 529 1191 et
536 1172 604 1191 mortis
612 1172 735 1194 occasionem,
744 1172 814 1192 scilicet
822 1172 894 1192 crimen
902 1172 952 1195 falsi,

156 1202 177 1221 in
186 1202 270 1227 quadam
280 1202 309 1221 sui
319 1202 387 1227 speeie,
396 1205 416 1222 et
425 1202 477 1227 quod
487 1202 552 1227 tangit
561 1209 651 1222 coronam
662 1202 747 1222 domiui''
758 1203 814 1227 regis,
825 1206 847 1222 ut
857 1203 873 1222 si
884 1203 952 1228 aliquis

156 1236 256 1252 accusatus
267 1233 327 1252 fuerit
337 1233 368 1252 vel
379 1233 476 1252 oonvietua
487 1233 539 1258 quod
550 1233 635 1258 sigillum
645 1234 717 1253 domini
728 1234 779 1258 regis
790 1234 896 1256 falsaverit,
907 1240 952 1253 con-

157 1264 251 1288 signando
262 1264 306 1283 inde
317 1266 380 1283 cartas
390 1266 410 1283 et
421 1263 491 1286 brevia,
502 1264 532 1283 vel
543 1264 558 1283 si
569 1266 633 1283 cartas
643 1264 748 1284 oonfeeerit
758 1266 778 1284 et
790 1264 855 1283 brev-ia
865 1267 885 1284 et
896 1265 952 1289 signa

156 1294 269 1319 apposuerit
278 1294 392 1316 adulterina,
402 1300 440 1319 quo
449 1300 494 1313 casu
503 1294 519 1313 si
528 1294 570 1319 quis
579 1294 624 1313 inde
633 1294 742 1313 inveniatur
750 1294 851 1319 culpabilis
860 1295 891 1314 vel
901 1295 951 1314 seisi-

156 1348 170 1357 ¹·
175 1353 214 1368 eum,
223 1349 262 1368 MA,
270 1349 308 1367 Ma,
318 1348 397 1371 cmm,
406 1348 440 1364 01³.
460 1347 540 1364 ”videtur
548 1348 595 1368 quod,
603 1348 638 1367 01³,
647 1348 685 1368 MA,
694 1349 732 1364 ΜΒ.
752 1348 812 1368 ⁸⁰0m.‚
820 1348 855 1368 oa,
865 1349 903 1369 MA,
913 1350 951 1365 ΜΒ.

156 1373 169 1382 ¹¹
175 1374 221 1393 qma,
229 1374 268 1392 Mo,
275 1373 312 1389 cM.
331 1373 390 1392 uem„
399 1373 433 1392 01³,
441 1373 479 1392 uA,
488 1373 525 1388 ΜΒ.
544 1373 557 1382 ¹·
563 1373 603 1392 οη,
612 1373 646 1392 oa,
655 1373 693 1393 MA,
702 1374 740 1393 na,
748 1374 781 1389 er..
801 1374 857 1394 unire,
866 1375 905 1394 uo,
914 1375 951 1394 cn,

156 1399 189 1415 oc.
198 1398 211 1407 ⁸·
217 1399 257 1418 om,
265 1399 304 1418 iao,
313 1399 351 1418 cu,
358 1398 391 1414 oc,
410 1398 478 1418 ”ip-iu·
486 1398 550 1418 domini,
558 1398 578 1417 v,
586 1398 624 1414 ua.
