1173 1660
224 164 262 181 280
490 162 602 178 BBACTON:
613 162 644 177 DE
656 162 752 178 LEGIBUS

224 200 338 219 indivisibile
349 200 374 219 sit
385 202 405 219 et
416 200 518 219 sectionem
530 200 569 219 sive
580 200 691 219 divisionem
702 206 742 219 non
754 200 846 225 patiatur,
858 199 932 219 nullam
945 202 1021 224 partem

225 228 307 251 habebit,
319 230 352 248 sed
363 229 459 248 satisfiat⁸⁰
469 229 486 249 ei
498 229 542 248 alibi
554 229 579 249 ad
590 229 699 249 valentiam.
712 228 764 248 Item
775 236 810 248 nec
821 230 845 248 de
857 229 921 254 aliquo
932 229 984 254 quod
996 229 1021 248 de

224 259 362 278 consuetudine
371 259 429 278 dividi
438 265 478 278 non
487 259 541 278 solet.
551 259 604 282 Quia
611 261 653 278 esto
662 259 714 284 quod
723 259 752 278 vir
761 265 800 278 non
809 259 888 278 haberet
897 259 934 278 nisi
943 259 1021 278 unicum

224 289 337 311 manerium,
344 289 383 308 sive
389 289 437 308 illud
443 289 503 308 fuerit
509 291 569 313 caput
575 289 658 308 baronioe
664 289 696 308 vel
702 295 747 311 non,
755 288 811 307 uxori
818 294 857 308 non
864 288 993 313 assignabitur
1000 289 1021 307 in

224 318 282 338 tertia
289 318 359 343 parte¹¹
366 318 439 343 aliquid
445 318 469 337 de
476 318 555 343 capitali
561 318 665 343 mesuagio.
673 319 722 343 Ipsa
729 318 780 337 enim
786 318 833 337 nihil
839 318 904 343 capiet
911 318 935 337 de
942 318 1020 343 capitali

224 349 323 373 mesuagio
333 348 372 368 sive
380 355 431 368 unus
441 348 465 367 sit
474 348 500 367 ibi
510 348 564 367 heres
573 348 613 367 sive
622 348 694 373 plures,
705 348 751 372 quia
759 348 802 373 ipsa
812 350 888 373 partem
898 354 938 367 non
948 347 1020 372 capit?

224 378 274 397 sieut
285 378 333 397 facit
344 378 421 397 coheres
432 378 530 403 particeps
541 384 586 397 cum
597 377 702 397 coherede*
715 377 815 403 participe.
828 377 882 396 Nihil
895 378 946 397 enim
957 377 1021 402 capiet

224 407 248 427 de
257 407 337 432 capitali
346 407 445 432 mesuagio
454 408 559 427 secundum
569 407 621 432 quod
631 407 725 426 vallatum
735 407 795 427 fuerit
805 410 825 427 et
835 407 930 426 inclusum
941 407 1020 429 fossato,

224 438 280 463 haya,
292 438 323 457 vel
333 437 412 462 palatio.
424 438 453 457 Et
464 437 489 457 de
499 437 535 456 hac
546 437 628 457 materia
638 437 719 456 inveniri
730 437 803 462 poterit
814 437 838 456 de
849 437 932 456 termino
945 437 1021 456 Sancte

224 467 327 486 Trinitatis
334 473 385 486 anno
391 467 442 492 regis
449 467 532 486 Henriei
538 467 626 492 septimo,
633 467 726 486 comitatu
731 467 823 488 Essexioe,
828 466 852 485 de
856 466 941 491 quadam
946 466 1021 485 Idonea

224 499 303 522 petente
309 497 380 516 dotem.
388 497 439 516 Item
446 503 481 516 nec
487 496 512 516 de
518 497 582 521 aliquo
589 496 641 521 quod
648 497 701 516 infra
705 496 805 516 clausum¹‘
810 496 937 518 contineatur,
942 496 991 515 sicut
996 496 1020 515 de

223 526 316 551 gai-dinis,
323 526 417 548 servoriis,
423 526 454 545 vel
460 526 542 545 vivariis.
549 526 582 545 De
589 526 697 545 huiusmodi
703 532 748 545 vero
755 526 771 545 si
778 526 852 545 fuerint
858 528 920 548 extra,
927 526 964 545 erit
971 526 1019 545 infe-

224 555 264 574 rius
272 555 374 575 dicendum
382 555 428 580 quid
436 556 488 575 iuris.
497 556 537 575 Sed
544 562 588 575 cum
597 556 643 575 nihil
651 562 720 581 capere
728 555 789 580 possit
797 556 821 575 de
829 555 908 580 capitali
915 555 1020 580 mesuagio,

224 587 244 605 et
252 585 296 610 ipsa
303 585 344 604 sine
351 585 450 610 mesuagio
459 592 499 604 esse
508 591 547 604 non
555 585 630 608 debeat,
640 585 700 610 eligat
708 586 752 610 ipsa
760 585 784 604 de
793 585 909 610 villemgio'“
919 585 1020 604 honestum

224 615 303 639 aliquod
311 617 331 634 et
340 615 392 639 quod
401 617 511 640 competens
521 615 538 634 ei
547 621 588 634 esse
597 614 706 637 videatur,”
716 617 736 634 et
745 615 789 634 inde
799 621 819 634 se
828 617 894 634 teneat
903 616 1020 634 contentam.

225 644 247 664 Si
256 647 322 664 autem
331 644 406 664 nullum
414 645 535 669 mesuagium
545 645 683 664 inveniaturrin
693 644 801 669 villenagio,
811 647 858 664 tunc
868 644 993 669 provideatur
1003 644 1020 663 ei

224 674 244 693 in
255 674 297 693 loco
307 674 424 699 competenti
435 674 523 699 quatdam
534 674 601 699 platea
611 680 653 699 quae
664 674 682 693 ei
693 674 779 693 sufficere
790 674 851 699 possit
863 674 888 693 sd
900 674 1020 698 mesuagium

224 704 250 723 ad
257 704 361 723 valentiam
370 704 430 723 tertiae
439 704 506 729 pastis,
515 703 586 723 scilicet
594 703 614 723 in
623 704 685 723 letum
693 706 713 723 et
721 704 742 722 in
750 704 836 728 longum,
845 706 865 723 et
873 710 913 723 non
921 703 947 723 ad
955 703 1020 723 valen-

223 734 271 753 tiam
280 733 409 756 edificiorum,
419 735 439 753 et
448 733 483 753 fiat
493 733 613 758 mesuagium
623 733 647 753 de
657 733 714 752 bosco
723 733 825 752 communi„
837 733 859 752 Si
870 736 935 752 autem
945 733 1019 752 nullum

223 764 249 783 sit
256 763 377 788 mesuagium
385 763 409 782 de
417 763 520 788 villenagio
528 769 563 782 nec
571 763 643 788 aliquid
652 763 672 782 in
681 763 775 782 dominico
784 763 816 782 ubi
825 763 867 782 fleri
876 763 937 788 possit
945 769 1019 782 mesua-

223 793 283 818 gium,
293 795 341 812 tunc
351 793 376 812 de
386 793 498 812 necessitate
508 793 646 812 recurrendum
656 792 693 812 erit
704 793 729 812 ad
739 792 822 817 capitale
833 792 959 817 mesuagium,
970 792 1019 812 sicut

223 823 244 842 in
249 823 349 848 burgagiis
355 823 380 842 sd
386 823 467 842 liberum
473 822 561 841 bancum.
568 822 597 841 Et
603 822 642 841 hnc
648 822 713 841 omnia
719 828 765 841 vera
771 824 817 842 sunt
823 821 873 841 nisi¹'
880 822 905 841 ab
912 822 966 841 initio
973 822 1020 841 velit

223 853 277 872 heres
288 853 305 872 ei
315 852 376 877 gratis
387 855 463 877 partem
473 852 576 871 concedere
587 852 611 871 de
621 852 699 877 capitali
709 852 814 877 mesuagio,
825 852 877 877 quod
888 852 935 871 bene
946 852 1020 871 licitum

224 882 238 901 f.
246 882 281 905 98]
309 882 346 901 erit
352 888 396 901 cum
402 882 456 901 heres
462 882 498 901 hoc
503 881 591 901 voluerit.
600 882 652 901 Item
659 882 674 901 si
681 882 702 901 in
708 882 775 901 eodem
782 881 874 901 manerio¹
882 881 902 900 in
910 888 948 906 quo
954 881 1020 901 tertis*

223 918 269 937 pars
276 912 313 931 erit
320 912 337 931 ei
344 911 461 937 assignanda
467 911 540 931 fuerint
547 911 605 936 plura
612 911 703 936 capitalia
710 911 814 936 mesuagia,
821 911 860 930 duo
867 911 898 930 vel
906 911 969 936 plura,
976 911 1020 936 ipsa

223 941 249 960 ad
257 941 322 961 minus
332 941 409 960 unicum
419 941 502 963 habebit,
513 941 560 960 dum
570 943 636 960 tamen
646 941 700 960 heres
711 941 781 960 habeat
791 941 908 960 electionem.
921 941 943 960 Si
954 943 1019 960 autem

223 971 336 990 nominatim
346 973 365 990 et
375 971 450 995 integre
459 971 527 990 dotata
536 971 597 990 fuen't
606 971 630 990 de
640 970 704 995 aliquo
713 970 805 992 manerio,
815 970 845 989 vel
855 970 1019 995 qualitercumque

223 1001 291 1020 dotata
302 1000 368 1023 fuerit,
380 1000 395 1019 si
407 1000 517 1020 convenerit
528 1001 578 1019 inter
590 1000 652 1025 ipsam
664 1002 684 1019 et
695 1000 784 1019 heredem
796 1000 848 1025 quod
859 1000 929 1019 habeat
941 1000 1019 1024 aliquod

223 1031 330 1050 manerium
343 1031 418 1055 integre
430 1037 466 1056 pro
479 1031 529 1053 dote,
542 1030 590 1049 illud
602 1030 672 1050 totum*
685 1030 762 1049 habebit
774 1036 818 1049 cum
830 1030 932 1055 mesuagiis
945 1032 965 1049 et
977 1030 1019 1049 aliis

223 1061 350 1086 pertinentiis,
359 1061 395 1080 nisi
404 1061 476 1085 aliquid
485 1061 545 1080 fuerit
554 1060 662 1085 specialiter
670 1063 779 1085 exceptum,
789 1061 819 1079 vel
829 1060 865 1079 nisi
875 1060 929 1079 valor
939 1060 1019 1079 excedat

223 1092 288 1111 dotem
296 1091 434 1111 rationabilem.
445 1091 496 1110 Item
504 1097 548 1110 eum
557 1091 674 1115 assignanda
682 1090 742 1110 fuerit
750 1091 767 1110 ei
775 1090 834 1109 tertia
842 1097 888 1115 pars
897 1090 951 1110 faeta
960 1090 1019 1115 assig-

223 1122 301 1141 natione
310 1121 334 1140 de
342 1121 447 1146 mesuagio,
456 1121 565 1145 assignetur
574 1121 591 1140 ei
600 1121 659 1140 tertia
668 1127 713 1145 pass
723 1121 747 1140 de
757 1121 809 1140 omni
818 1120 871 1145 quod
880 1120 916 1140 vir‘
926 1121 989 1140 tenuit
998 1121 1019 1139 in

223 1152 318 1171 dominico
331 1152 436 1170 secundum
449 1153 522 1170 statum
535 1153 649 1176 praesentem
662 1151 683 1170 in
695 1153 748 1170 terra
761 1151 834 1173 arabili,
848 1151 954 1170 secuudum
967 1151 1019 1175 quod

223 1181 283 1201 fuerit
294 1181 347 1200 culta
357 1181 388 1200 vel
399 1181 476 1203 inculta,
488 1181 581 1200 seminata
592 1181 622 1200 vel
633 1187 673 1200 non
684 1181 783 1203 seminata,
795 1183 814 1200 et
826 1181 842 1200 si
853 1181 914 1200 fuerit
925 1181 1019 1200 seminata

223 1211 254 1230 vel
262 1217 301 1230 non
310 1211 405 1231 seminata.
412 1211 459 1230 nihil
467 1211 522 1231 dabit
531 1217 567 1236 pro
575 1211 657 1231 cultura.
668 1211 719 1230 Item
729 1211 838 1236 assignetur
846 1211 863 1230 ei
873 1211 931 1230 tertia
940 1217 986 1236 pars
994 1211 1019 1230 de

223 1266 236 1275 ¹⁰
242 1266 336 1285 must-ciat,
343 1266 363 1285 v,
369 1266 404 1285 on,
412 1266 450 1285 MA,
457 1266 495 1285 ΜΒ,
502 1266 535 1285 cn,
543 1266 563 1285 Y,
571 1267 610 1285 MC;
618 1267 671 1282 mem
680 1266 733 1284 nent,
741 1266 781 1285 uo,
788 1266 824 1281 CM.
844 1266 856 1274 ¹¹
863 1268 908 1285 pute
916 1271 949 1285 m,
956 1266 976 1285 v,
984 1265 1019 1284 0A,

223 1291 256 1310 LA,
262 1291 299 1307 MC.
317 1291 331 1300 ⁸³
336 1292 393 1311 capiet,
399 1292 434 1310 OB,
441 1291 479 1310 MA,
486 1292 523 1307 ΜΒ.
541 1291 554 1300 ¹¹
560 1292 601 1310 θυι,
608 1292 630 1310 Υ;
637 1291 699 1311 herede,
706 1292 740 1311 OB,
748 1292 786 1310 MA,
793 1292 831 1310 ΜΒ,
839 1291 878 1310 MG,
885 1291 906 1310 Y,
913 1291 949 1307 CM.
967 1291 981 1300 ⁸⁴
986 1291 1019 1306 du-

223 1322 261 1335 tum,
270 1317 308 1335 MA,
316 1316 349 1335 LA,
358 1317 395 1332 MG.
414 1316 428 1325 ⁸¹
434 1316 528 1336 vilieu-gib,
536 1317 558 1335 V;
566 1317 655 1336 vfflmgio,
664 1317 699 1335 ΟΛ,
707 1317 741 1336 LA,
749 1317 782 1335 OC,
792 1317 829 1336 MC,
838 1317 874 1335 CE;
883 1317 962 1337 villenas„
971 1316 1018 1332 MSS.

222 1346 255 1356 var.
274 1341 287 1350 ¹⁸
293 1341 350 1360 videat,
358 1342 393 1360 ΟΒ,
401 1342 439 1360 MA,
448 1342 486 1357 ΜΒ.
505 1341 518 1350 ¹⁷
524 1341 555 1361 ubi,
564 1342 602 1360 MA,
611 1342 644 1360 ΟΕ,
653 1342 689 1357 MC.

264 1365 357 1382 ”mannia
366 1366 393 1382 ubi
401 1368 453 1385 tutin,
463 1366 502 1386 ΜΘ,
511 1366 531 1385 Y,
540 1367 577 1382 cM.
598 1366 604 1375 ¹
610 1368 719 1386 nemmem,
728 1367 762 1386 cr„
771 1367 794 1386 Y;
804 1369 907 1383 mmmm
916 1369 971 1387 totum,
981 1367 1019 1386 CM,

224 1391 258 1407 MG
267 1392 307 1411 (tem
315 1392 369 1411 cnm).
388 1392 394 1400 ⁴
400 1393 423 1407 vir
431 1397 473 1411 mus,
480 1392 515 1411 ΟΔ,
523 1392 556 1410 LA,
565 1392 602 1411 MC,
610 1392 644 1411 OC,
653 1392 672 1408 V.
