1173 1660
357 167 387 183 m:
399 167 551 186 ADQUIRENDO
562 168 641 183 RERUM
653 168 753 183 nomme
917 170 954 187 2⁶5

159 208 273 230 perceptum
280 205 346 228 fuerit,
352 208 477 225 convertatur
482 206 503 225 in
509 206 631 225 commodum
638 205 698 230 ipsius
705 205 738 230 qui
745 205 798 225 infra
805 208 881 225 aetatem
889 206 955 228 fuerit,

159 235 264 254 seeundum
275 235 419 260 dispositionem
430 237 449 254 et
460 235 588 260 provisionem
600 237 704 260 parentum
714 238 783 254 eontra
793 235 875 255 dedecus
886 236 903 255 ei
915 236 954 255 fac-

158 266 206 283 tum.
216 264 237 283 Si
245 267 310 284 sutem
318 264 378 284 fuerit
385 265 530 289 quatuordeeim
538 271 634 284 annorum
642 267 661 284 et
669 265 727 287 ultra,
736 265 787 290 quod
795 265 903 284 oonsentire
911 271 954 290 pos-

159 295 189 317 sit,
201 297 221 314 et
232 294 267 314 tali
278 294 381 319 maritagio
393 294 515 316 consenserit,
528 294 582 313 nulla
594 300 652 319 poena.
664 294 797 319 subsequatur.
812 295 833 314 Si
846 294 888 319 quis
900 295 954 314 heres

158 324 293 349 cuiuscumque
300 324 362 343 aetatis
369 323 429 343 fuerit
435 330 472 348 pro
478 324 556 343 domino
562 330 597 343 suo
604 330 624 343 se
631 324 722 343 maritare
729 324 818 346 noluerit,
825 331 865 343 non
871 324 954 349 compel-

158 354 211 373 latur
219 354 255 372 hoc
264 354 328 373 facere
337 355 405 373 eontra.
414 354 534 373 voluntatem
543 360 604 373 suam.
616 354 654 373 Sed
664 360 708 373 cum
718 354 743 373 ad
753 356 829 373 aetatem
839 354 954 379 pervenerit,

158 383 236 402 domino
244 390 279 402 suo
286 383 394 403 satisfaciat
402 384 426 403 de
434 385 490 402 tanto
498 386 593 408 quantum
602 383 690 403 dominus
699 389 745 402 suus
753 383 866 408 pereipere‘¹
875 383 955 408 posset⁴⁴

158 413 183 432 ab
190 413 255 438 aliquo
263 420 299 438 pro
307 413 410 438 maritagio
418 415 521 438 antequam
530 415 602 432 terram
610 419 665 432 suam
673 413 759 438 recipiat,
768 415 787 432 et
796 413 835 432 sive
843 413 926 432 voluerit
935 420 954 432 se

158 443 249 462 maritare
259 443 299 462 sive
309 449 348 462 non
359 443 462 468 praedictus
472 443 533 465 heres,
544 443 590 467 quia
600 443 724 467 maritagium
735 443 775 462 eius
787 443 819 467 qui
831 443 890 462 fuerit
902 443 955 462 infra

158 475 234 492 aetatem
243 479 296 492 mero
304 472 345 491 iure
353 472 438 497 pertinet
447 472 473 491 ad
481 472 580 491 dominum
589 472 647 492 feodi.

208 527 240 547 De
249 527 385 546 dmmtimzibm
394 529 476 552 propter
484 527 563 552 ‘nuptias
573 527 597 546 ob
607 533 685 546 cumam
694 527 745 547 dotis
755 530 774 546 et
784 527 808 546 de
818 527 954 547 constitutione

208 556 264 576 dotis.

158 586 173 605 f.
180 586 215 609 92]
243 586 349 609 Quorsum
356 586 403 606 utile
410 589 439 606 est
446 586 534 606 mulieres
541 593 581 606 esse
588 587 664 606 dotatas
671 587 737 606 multis
743 587 767 606 de
774 587 841 608 causis,
849 587 953 611 adquirun-

158 618 191 635 tur
201 616 252 635 enim
262 616 289 635 eis
299 622 344 635 cum
355 616 428 636 fuerint
439 616 552 635 maritsndae
563 622 628 635 rerum
639 616 724 635 dominia
734 623 758 635 ex
769 622 827 635 eausa
839 616 953 638 donationis,

158 648 180 665 ut
191 652 235 665 eum
248 646 321 665 femina
333 646 393 665 fuerit
404 646 520 668 maritanda,
532 646 555 665 fit
567 646 585 665 ei
598 646 676 665 donatio
688 652 701 665 a
712 646 753 665 viro
766 652 801 665 suo
813 646 880 665 multis
892 646 954 665 modis

157 678 239 700 propter
248 676 328 700 nuptias
337 676 361 695 de
371 682 392 694 re
401 676 482 700 propria
491 675 533 698 viri,
544 675 574 695 vel
584 676 608 695 de
619 682 639 694 re
649 676 711 700 patris
721 675 751 695 vel
761 675 834 698 matris,
846 676 913 695 fratris
923 675 954 694 vel

158 705 233 727 sororis,
245 705 276 724 vel
287 705 366 725 alterius
378 705 439 727 amici,
451 706 475 725 de
486 712 552 725 eurum
564 711 658 724 consensu
669 708 689 724 et
701 705 809 724 voluntate:
822 712 865 730 quae
876 705 954 730 quidem

157 735 236 754 donatio
246 734 316 754 dieitur
326 735 366 757 dos,
376 737 396 754 et
405 741 448 759 quoe
457 735 535 760 quidem
544 735 632 760 perfecta
642 741 682 754 esse
692 741 731 754 non
741 737 806 760 potest
816 737 861 754 ante
871 737 954 754 mortem

157 765 199 787 viri,
206 771 241 784 nec
249 765 336 790 quamvis
344 765 364 784 in
371 765 412 784 vita
418 764 454 783 viri
462 765 523 789 possit
530 764 627 787 constitui,
634 767 700 784 tamen
708 767 753 784 ante
760 766 842 784 mortem
851 771 905 784 suam
914 771 953 783 non

158 794 340 819 poterit‘nssignari.
352 794 451 819 Imprimis
462 794 521 819 igitur
532 794 642 813 videndum‘
654 794 700 819 quid
711 794 736 813 sit
747 794 788 816 dos,
798 796 818 813 et
829 800 872 819 quae
883 794 907 814 sit
919 794 953 813 dos

158 824 281 846 rationabilis,
291 826 311 843 et
321 824 363 849 quis
373 824 434 849 possit
444 824 509 843 dotem
518 823 641 846 constituere,
651 826 670 843 et
680 823 716 843 eui.
728 824 780 843 Item
790 824 874 849 quando,
884 826 904 843 et
914 824 953 846 ubi,

158 856 177 873 et
185 854 209 873 de
218 860 257 879 qua
265 860 291 876 re,
301 856 321 873 et
330 856 430 878 quantum
440 854 492 873 Item
501 853 543 878 quis
552 853 613 878 possit
623 854 687 873 dotem
697 853 801 878 assignare,
810 856 830 873 et
840 854 923 878 qua-ndo,
933 856 953 873 et

157 884 210 903 infra
217 884 269 908 quod
277 886 360 908 tempus,
368 886 387 902 et
394 883 427 902 ubi
435 883 550 907 assignetur,
558 889 600 908 quse
608 885 706 908 competat
713 883 763 902 actio
771 883 845 902 mulieri
854 883 880 902 ad
888 883 953 902 dotem

158 919 212 932 suam
220 913 378 937 consequendam.

208 943 262 966 Quid
268 943 293 962 eit
300 942 341 962 doe.

157 972 190 991 Er
199 972 297 991 sciendum
306 971 359 996 quod
367 972 402 991 dos
411 974 440 991 est
450 972 470 991 id
479 972 531 996 quod
540 971 588 991 liber
597 972 654 991 homo
664 972 698 991 dat
708 978 782 996 sponsae
792 972 837 991 suae‘
848 972 873 991 sd
882 972 953 991 ostium

157 1001 239 1020 eeclesiae
250 1004 332 1026 propter
343 1008 392 1021 onus
402 1001 519 1020 matrimonii
531 1004 551 1020 et
562 1001 641 1026 nuptias
654 1001 737 1023 futuras,
749 1001 781 1020 ad'
793 1002 953 1021 sustentationem

157 1031 223 1050 uxoris
229 1031 256 1050 et*
263 1031 396 1050 educationem
401 1031 505 1050 liberorum
512 1037 556 1050 cum
563 1031 636 1050 fuerint
644 1031 745 1055 procreati,
753 1031 768 1050 si
775 1031 805 1050 vir
812 1031 952 1056 praemoriatur.

207 1061 262 1084 Quia
270 1061 295 1080 nit
304 1060 423 1080 rationabilis
432 1060 471 1079 dos.

157 1090 305 1110 Rsnouasms
314 1090 386 1109 autem'
395 1090 429 1109 dos
438 1092 468 1109 est
476 1090 577 1109 cuiuslibet
586 1090 670 1109 mulieris
680 1090 704 1109 de
714 1096 833 1115 quocumque
843 1092 952 1109 tenemento

156 1120 215 1139 tertia
228 1126 274 1145 pass
287 1119 373 1139 omnium
386 1122 483 1139 terrarum
496 1122 516 1138 et
529 1121 683 1139 tenementorum
697 1126 739 1144 quae
752 1119 782 1138 vir
795 1126 841 1139 suus
855 1119 918 1139 tenuit
932 1119 952 1138 in

157 1149 252 1168 dominico
263 1155 303 1171 suo,
315 1151 334 1168 et
345 1149 373 1168 ita
383 1149 404 1168 in
415 1149 473 1168 feodo
484 1149 535 1174 quod
546 1155 589 1168 eam
600 1149 645 1168 inde
656 1149 723 1168 dotare
734 1149 806 1174 poterit
817 1149 848 1168 die
860 1156 898 1174 quo
910 1156 952 1168 eam

156 1178 293 1203 desponsavit.⁸

207 1208 257 1233 Quin
264 1209 325 1234 pouit
334 1208 399 1228 dotem
407 1208 528 1228 constitueret

157 1238 213 1258 Irim
224 1238 266 1263 quis
276 1238 337 1263 possit
347 1238 412 1257 dotem
422 1238 548 1257 constituere?
559 1238 588 1257 Et
599 1238 697 1257 sciendum
707 1238 759 1262 quod
769 1240 810 1257 tam
821 1238 884 1257 minor
894 1244 952 1263 quam

156 1268 217 1287 maior
224 1268 326 1287 masculus.
335 1267 383 1287 Cui?
390 1267 454 1286 Uxori
462 1270 503 1287 tsm
511 1267 578 1287 maiori
586 1274 644 1292 quam
652 1267 726 1287 minori.
735 1267 812 1287 Poterit
820 1268 871 1287 enim
879 1267 911 1287 ille
919 1268 952 1292 qui

156 1297 210 1316 infra.
219 1299 296 1317 aetatem
307 1299 336 1316 est
347 1303 427 1316 uxorem
438 1303 493 1316 suam
504 1297 571 1316 dotare
582 1297 669 1321 quamvis
680 1297 794 1316 existentem
806 1297 859 1316 infra
869 1299 952 1320 aetatem,

126 1337 129 1339 -
157 1327 204 1346 dum
216 1329 282 1346 tamen
293 1327 354 1352 possit
367 1326 432 1346 dotem
444 1326 556 1351 promereri,
569 1329 589 1345 et
601 1326 664 1345 virum
677 1326 776 1348 sustinere,
790 1329 809 1346 et
823 1327 909 1351 quamvis
922 1327 952 1346 vir

156 1372 169 1381 ⁴·
175 1374 250 1392 napea,
258 1372 292 1392 01³,
300 1373 338 1391 MA,
346 1373 383 1388 Ma.
402 1372 415 1381 κ
421 1373 476 1392 punit,
484 1372 522 1391 MA,
530 1372 567 1391 cM,
575 1372 608 1388 oc.

198 1397 204 1406 ¹
210 1397 292 1413 videndum
299 1399 329 1416 at,
337 1397 376 1416 uo,
384 1397 420 1413 cm,
439 1397 446 1406 ¹
452 1397 492 1416 οιιι,
499 1397 534 1416 os,
543 1397 581 1417 uo,
591 1397 619 1417 <÷
626 1397 656 1417 Υ).
674 1397 702 1413 ·et
710 1397 736 1416 ια,
744 1398 778 1417 on,
787 1398 825 1417 us,
833 1398 871 1414 cu.
890 1398 918 1414 *ει
926 1398 952 1418 ια,

156 1423 191 1443 01³,
200 1423 239 1442 MA,
248 1423 287 1442 ms,
296 1423 333 1438 cn.
354 1423 360 1432 ¹
367 1423 407 1442 cm„
417 1423 456 1442 no,
465 1423 485 1438 r.
506 1422 641 1442 mammam,
652 1423 671 1441 r,
681 1423 714 1438 cs..
