1173 1660
346 173 376 188 DE
387 173 539 192 ADQtJmENDO
551 173 630 189 RERUM
641 173 743 189 DOM1N10
907 175 943 194 197

148 217 183 236 per
191 211 276 230 medium
284 211 339 236 quasi
347 217 383 236 per
390 211 456 236 plures
464 211 543 235 gradus.
553 211 574 230 Si
584 213 649 231 nutem
658 211 723 230 nullus
732 211 810 230 omnino
819 211 943 236 proveneriff'

147 240 201 260 heres
208 247 220 259 a
225 240 288 265 primo
294 240 358 265 gradu
364 240 385 259 in
390 241 441 260 linea
447 243 500 260 reeta
506 240 638 263 descendente,
647 242 690 264 <et
697 241 759 260 frater
766 243 869 260 antenatus
876 241 944 261 obierit

147 270 168 289 in
178 270 219 289 vita
230 270 291 295 patria
302 270 408 289 communis
419 270 459 289 sine
470 270 545 292 herede,
557 270 588 289 vel
599 270 615 290 si
625 270 729 289 heredem¹‘
740 270 829 290 habuerit
840 273 860 290 et
871 271 892 289 in
903 271 944 290 vita

147 299 209 324 patris
216 299 336 319 defeeerint⁸⁸
343 306 408 319 omnes
415 300 487 319 fratres
494 300 629 325 praemortui>
637 302 684 319 tune
692 300 727 319 fiat
734 300 853 325 computatio
861 307 873 319 a
880 300 944 325 primo

146 329 210 353 gradu
218 329 334 351 immediate,
343 329 392 349 sicut
401 336 413 348 a
420 330 517 349 eommuni
526 329 597 354 stipite,
607 336 619 349 a
628 332 684 354 patre
693 329 737 349 vel⁴⁴¹
746 332 808 349 matre
817 329 943 349 existentibus

147 358 168 378 in
176 358 251 381 seisina,
260 365 321 383 usque
330 359 355 378 ad
365 359 446 378 fratrem
455 359 486 378 vel
496 365 580 378 sororem
590 359 611 378 in
620 359 671 378 linea
680 359 812 379 transversali:
823 359 856 384 qui
866 359 943 384 quidem

147 394 191 407 cum
198 388 287 408 seisiuam
294 395 349 408 suam
357 388 480 411 obtinuerint,
489 389 564 408 faciunt
572 389 658 414 stipitem
665 388 698 408 et⁴¹
706 389 777 408 lineam
785 391 857 408 rectam
866 389 943 408 deseen-

147 417 210 437 dendo
222 420 318 443 quantum
329 418 354 437 ad
366 425 410 438 suos
422 418 506 438 heredes.
520 418 542 438 Si
554 421 619 438 autem
631 420 719 444 tempore
732 418 832 438 descensus
845 418 897 438 filius
909 418 943 438 et‘¹

146 447 187 467 filia
193 448 299 467 defoeerint
306 450 326 467 et
333 448 411 468 heredes
418 448 520 468 habuerint
527 451 580 468 reeta
586 448 638 467 linea
645 448 783 471 descendendo,
791 448 876 467 seilicet¹'
884 454 943 473 nepo-

146 480 176 498 tes
182 478 213 497 vel
220 480 288 503 neptes
295 478 326 497 vel
333 478 434 500 ulterius,“
441 481 460 498 et
467 478 546 503 quidam
553 478 659 498 defecerint
667 481 687 497 et
694 478 773 503 quidam
781 485 825 501 non,
833 485 869 503 per
877 485 943 498 omnes

146 508 219 533 gradus
229 511 248 528 et
257 515 293 533 per
302 515 368 528 omnes
377 515 469 533 personas
479 515 514 533 per
523 515 571 533 quaa
580 509 610 528 ius
620 509 738 528 descendisse
748 509 814 528 debuit
824 509 840 528 si
850 509 942 531 viverent,

146 539 182 558 fiat
191 539 311 563 computatio
321 539 422 558 descensus
433 541 452 558 et
462 539 508 558 iuris
518 539 544 558 ad
554 539 608 558 illum
619 539 651 564 qui
662 541 759 563 superstes
770 539 812 558 est⁴'
823 541 843 558 et
853 539 909 564 petit.
921 539 943 558 Si

146 571 212 588 nutem
219 569 269 588 tales
277 568 380 594 aliquando
388 569 494 591 extiterint,
503 571 522 588 et
531 569 637 588 defecerint
646 569 724 588 omnino
733 569 752 588 in
761 569 797 588 tali
806 569 857 588 linea
866 569 942 588 deseen-

146 599 204 618 dente
214 599 234 618 in
243 598 284 618 vita
294 599 424 621 antecessoris,
434 601 481 618 tunc
492 599 537 624 quia
547 599 576 618 ius
587 599 691 618 revertitur
701 599 725 618 de
736 599 848 619 necessitate
859 599 884 618 ad
895 599 942 619 alios

146 629 179 653 qui
188 631 235 648 sunt
243 629 264 648 in
274 629 312 648 alia
321 629 372 648 linea
381 629 511 651 transverssli,
521 629 556 648 fiat
566 629 686 654 computatio
696 629 800 654 parentele
810 632 830 649 et
841 630 942 649 descensus

146 665 158 678 a
169 659 232 684 primo
242 659 305 683 gradu
316 661 336 678 et
346 659 443 678 communi
454 659 520 684 stipite
530 666 591 684 usque
602 660 627 679 ad
638 659 703 682 talem,
714 666 750 684 per
761 666 827 679 omnes
838 660 911 684 gradus
922 662 942 679 et

146 695 238 714 personas
247 689 272 708 ad
282 695 330 714 quas
339 689 369 708 ius
378 689 476 709 deseendit
484 689 532 709 dum
541 690 633 712 viverent,
643 690 674 709 vel
683 689 797 709 descendere
807 690 874 709 debuit
884 690 899 709 si
909 697 942 709 ex-

146 721 247 744 pectarent
257 719 310 744 quod
320 719 399 738 heredes
410 722 479 742 essent,
490 719 578 739 omissis¹⁴
589 720 626 739 illis
638 719 726 739 omnibus
737 720 770 745 qui
781 720 853 739 mortui
865 723 911 740 sunt
921 720 942 739 in

146 749 186 768 vita
193 749 324 771 antecessoris,
331 755 353 768 ac
360 749 375 769 si
383 755 489 774 numquam
496 752 560 769 essent
567 750 588 769 in
595 756 659 769 rerum
667 750 758 769 natura.¹'
767 750 796 769 Et
804 750 820 769 si
828 750 908 769 ulterius
917 750 943 770 ad

146 779 229 804 aliquem
238 779 268 798 ius
276 779 401 802 descenderit,
411 779 459 798 fiet¹⁸
468 786 503 804 per
512 780 577 798 omnia
585 781 608 798 ut
618 786 677 804 supra
687 779 760 799 dictum
769 782 798 799 est
808 780 832 799 de
841 779 942 799 heredibus

145 808 269 828 inferioribus
281 811 335 828 reeta
346 808 397 828 linea
409 809 440 828 vel
453 809 576 828 transversali
589 809 714 828 venientibus.
729 809 772 828 Illis
786 812 851 829 autem
864 809 942 828 omnino

146 838 277 858 deficientibus
286 839 312 858 ad
320 845 368 863 quos
377 839 407 857 ius
415 838 527 858 deseendit⁰
536 838 617 858 inferius
626 839 646 858 in
655 839 706 858 linea
715 841 767 858 recta
776 839 903 858 descendente
912 839 942 858 vel

146 868 275 890 transversali,
287 868 385 893 oportebit
397 868 421 888 de
433 868 545 888 necessitate
557 868 609 893 quud
622 868 651 888 ius
664 868 788 893 proprietatis
801 868 905 888 descendat
917 868 943 888 nd

145 899 236 922 parentes
242 897 290 917 seu¹⁰
295 900 388 922 cognatos
395 898 428 922 qui
434 900 479 917 sunt
484 897 504 916 in
509 898 560 917 linea
563 897 688 917 transversali
693 898 812 920 aseendente,
817 898 867 917 sieut
871 898 896 917 ad
902 898 942 917 fra-

146 929 196 946 trem
204 927 240 949 avi,
248 929 268 946 et
275 927 302 946 sie
309 927 330 946 in
337 927 388 947 linea
395 927 522 947 descendente
529 934 565 952 per
573 934 638 947 omnes
646 927 724 947 heredes
733 934 777 947 suos
784 934 845 952 usque
854 928 879 947 ad
888 928 943 947 illum

146 957 179 982 qui
191 957 249 982 petit:
263 959 282 976 et
295 957 311 976 si
324 963 390 976 omnes
402 957 451 976 tales
463 957 575 979 defecerint,
589 959 636 976 tune
649 957 674 976 sd
688 957 801 982 superiores,
815 957 903 977 videlieet
917 958 942 976 ad

147 986 228 1006 fratrem
236 986 304 1011 proavi
312 988 332 1005 et
340 993 405 1006 onmes
413 986 491 1006 heredes
500 993 550 1009 suos,
558 989 578 1006 et
586 987 613 1006 sie
621 987 645 1006 de
653 987 716 1011 gradu
725 987 745 1006 in
753 987 836 1011 gradum
845 989 864 1006 et
873 987 942 1006 herede

146 1016 166 1035 in
177 1016 272 1038 heredem,
283 1022 344 1041 usque
355 1016 380 1035 ad
391 1016 446 1035 illum
457 1016 490 1041 qui
502 1016 557 1041 petit.
569 1016 670 1035 Dividitur
682 1016 810 1041 quandoque¹¹
822 1017 943 1042 computatio

146 1046 247 1065 descensus
255 1052 292 1071 per
298 1045 364 1070 plu-res
372 1045 432 1065 lineas
440 1048 459 1065 et
467 1052 503 1070 per
511 1045 576 1070 plu-res
584 1046 664 1070 gradus,
672 1048 753 1071 propter
761 1046 854 1065 heredum
862 1046 942 1071 plurali-

146 1078 207 1095 tatem
217 1075 249 1100 qui
259 1075 332 1095 eadunt
341 1075 361 1094 in
372 1076 489 1097 descensum,
499 1075 587 1094 videlieet
597 1075 630 1094 ubi
640 1075 735 1094 hereditas
746 1076 844 1095 deseendit
854 1075 942 1100 pluribus

146 1105 228 1127 filiabus,
236 1111 319 1130 quarum
326 1111 392 1124 omnes
400 1107 446 1124 sunt
453 1104 560 1127 coheredes,
568 1105 673 1130 participes
681 1107 700 1124 et
708 1111 794 1130 capones.
803 1105 832 1124 Et
840 1105 887 1124 ubi¹¹
894 1105 942 1124 divi-

146 1134 200 1154 ditur
211 1134 240 1153 ius
252 1134 377 1159 proprietatis
389 1134 410 1153 in
421 1141 514 1159 personas
526 1134 597 1159 plures,
610 1137 630 1154 et
642 1135 700 1159 plura
711 1134 782 1159 capita,
795 1136 815 1153 et
827 1135 942 1159 quaudoque

146 1164 161 1183 5.
168 1164 203 1187 68]
231 1163 306 1185 bifarie,
322 1164 410 1186 trifarie,¹
425 1164 544 1189 quadrifarie
559 1170 595 1189 per
610 1164 753 1186 subdivisiones,
769 1164 874 1184 secundum
890 1164 942 1189 quod

145 1194 227 1213 inferius
237 1194 257 1213 in
268 1194 379 1213 narratione
389 1194 436 1213 iuris
446 1200 482 1218 per
492 1194 550 1213 breve
561 1194 586 1213 de
596 1196 649 1213 recto
659 1194 780 1213 manifestius
793 1194 900 1219 apparebit.
913 1194 942 1213 Et

146 1223 179 1243 ubi
190 1223 278 1248 quelibet
288 1230 371 1249 persona
381 1223 428 1243 fauit
438 1223 473 1243 sibi
484 1223 570 1248 stipitem
580 1223 601 1243 in
611 1223 674 1248 primo
684 1224 748 1249 gradu
758 1226 778 1243 et
788 1224 858 1243 lineam
869 1226 942 1243 rectam

146 1278 159 1287 ⁸·
165 1279 259 1298 pervenerit,
267 1278 287 1297 v,
294 1278 329 1296 oa,
337 1278 375 1297 MA,
383 1278 421 1297 Mn,
429 1278 468 1297 Me,
476 1278 497 1297 Y,
504 1278 541 1293 CM.
560 1278 573 1286 ¹·
579 1277 649 1296 heman,
657 1278 692 1297 uA,
700 1278 733 1297 ca,
741 1278 775 1293 013.
795 1278 808 1286 ¹·
814 1278 895 1297 ‹aetem-it,
904 1278 942 1297 MA,

146 1303 184 1322 Ma,
192 1303 213 1322 Y,
221 1303 260 1322 Mo,
268 1303 305 1319 cM⁴
325 1303 368 1319 ”vel
377 1309 391 1322 -,
399 1303 419 1322 v,
427 1303 460 1319 ca.
479 1303 492 1312 ⁴¹
498 1304 520 1322 xn,
529 1303 562 1322 LA,
571 1303 608 1319 Me.
628 1303 641 1312 ⁴⁵
647 1303 676 1323 ve1,
685 1304 705 1322 v,
714 1304 748 1323 oa,
758 1304 796 1323 MA,
805 1304 842 1319 Ma.
862 1303 895 1312 ⁴⁶⁴⁴
901 1303 942 1322 οη,

145 1328 178 1343 LA.
198 1328 211 1337 ¹¹
217 1328 258 1347 οι,
266 1328 301 1347 oa,
310 1328 347 1344 Ma.
366 1328 399 1337 Μ’
405 1329 445 1348 012,
454 1328 488 1347 oe,
496 1329 529 1344 La
548 1328 562 1337 ⁴⁸
568 1329 608 1348 οη,
616 1328 653 1347 0A;
663 1328 696 1348 flat,
705 1329 724 1347 v,
732 1329 753 1348 Y,
762 1329 799 1344 MA
819 1329 912 1348 naman,
921 1329 941 1348 Y,

146 1354 185 1373 Mo,
193 1353 228 1373 oa,
236 1354 274 1373 MA,
283 1353 321 1372 Mn,
330 1354 366 1369 Mc.
386 1353 399 1362 ⁸⁰
405 1354 435 1373 vei,
443 1354 463 1373 v,
471 1354 491 1372 Y,
500 1354 535 1373 on,
543 1354 581 1373 MA,
590 1354 629 1373 Mn,
637 1354 676 1374 Mo,
685 1355 722 1370 cM.
742 1354 755 1363 ⁸¹
761 1354 850 1374 -uqmao,
859 1355 894 1374 oa,
903 1355 941 1373 MA,

146 1378 187 1397 mk
194 1380 245 1394 mm
251 1378 340 1398 aliqu-udo,
347 1379 366 1394 v.
384 1378 398 1387 ⁸¹
403 1379 431 1398 iffi,
437 1379 457 1398 v,
464 1379 499 1398 oa,
506 1380 545 1398 MA,
552 1379 590 1395 ΜΒ.

187 1403 193 1412 ¹
199 1403 261 1419 trifarie
268 1406 289 1423 a,
297 1403 332 1423 0A,
339 1404 372 1423 LA,
379 1404 413 1423 oc,
419 1404 456 1420 Me.
