1173 1660
227 168 251 185 12

226 412 250 431 F.
258 414 294 431 129

224 887 248 906 F.
256 889 293 906 1³0

223 1096 247 1115 F.
256 1098 291 1115 181

223 1363 247 1382 F.
255 1365 291 1382 1³2

491 165 603 181 BRACTON:
614 165 645 180 DE
657 165 753 181 LEGIBUS

308 204 346 223 Ille
354 204 377 223 de
385 203 447 222 foi-eia
454 209 494 222 non
501 206 530 222 est
538 203 687 228 interrogandus
695 203 755 222 donee
764 203 838 222 factum
846 203 977 223 conv-ineam.

309 233 360 253 Cum
367 235 433 252 autem
441 235 521 257 uterque
529 239 612 257 presens
621 233 680 252 fuerit
688 235 708 252 et
715 233 747 252 ille
756 233 780 252 de
788 233 841 252 fanto
849 233 953 255 oonvictus,
961 233 1022 258 quali-

357 265 388 282 ter
396 263 421 282 sit
429 262 572 288 prooedendmn
579 265 648 282 eontra
655 262 710 281 illum
718 263 743 282 de
751 262 818 282 forcia.

308 292 361 315 Quid
369 292 469 317 utlagatus
477 292 584 311 forisfaciat
592 298 628 317 per
636 292 781 317 utlagationem.

308 322 441 346 Cuthutlaghe
448 322 481 347 qui
490 322 571 341 scienter
579 322 638 341 talem
646 322 779 346 reoeptaverit.

309 352 376 371 Sinon
383 351 457 376 fugerit
464 357 498 371 nec
505 358 525 371 se
532 351 646 371 defenderit.

309 381 356 400 Sola
363 382 413 406 fuga
421 381 499 400 inducit.

308 412 360 431 Item
367 418 390 431 ea
397 418 440 436 quae
446 411 494 436 legis
501 414 553 431 sunt.

308 441 360 461 Item
367 448 390 461 ea
398 447 440 466 quae
448 441 494 460 iuris
502 443 554 460 sunt.

308 471 359 490 Item
367 471 416 490 nulli
423 473 500 490 tenetur
508 477 543 490 nec
551 470 620 495 aliquis
627 470 650 490 ei.

307 501 359 520 Item
368 500 464 520 forisfacit
472 501 572 520 actionem.

308 530 359 549 Item
368 530 454 549 dissolvit
462 530 581 552 donationes,
590 530 715 552 venditiones,
724 532 744 549 et
751 536 817 549 omnes
826 532 937 550 contractus
945 533 965 550 et
974 530 1020 550 obli-

356 560 450 584 gationes.

307 589 359 609 Item
366 589 437 608 catalla
445 595 480 608 sua
487 591 533 608 sunt
541 589 598 613 regis.

308 619 329 638 Si
337 621 410 638 terram
418 619 498 638 liberam
505 618 599 641 habuerit,
609 619 674 638 statim
683 618 772 643 capiatur
780 619 800 638 in
808 625 887 638 manum
896 619 953 644 regis.

306 649 370 668 Breve
377 649 401 668 de
408 648 529 673 inquisitione
537 648 626 667 facienda
633 648 648 667 si
655 648 741 668 extiterit
748 648 769 667 in
775 655 835 668 manu
842 649 893 673 regis
900 655 936 674 per
943 651 1021 668 tantum

356 680 439 703 tempus.

306 708 369 727 Breve
377 708 401 727 de
409 708 528 726 restituenda
535 709 589 727 terra
596 707 674 727 domino
682 708 760 733 capitali
768 710 813 733 post
822 714 894 727 annum
902 710 922 727 et
930 708 987 727 diem.

306 737 368 757 Aliud
375 738 433 757 breve
440 738 464 757 de
471 738 538 757 eadem
545 737 627 757 materia
634 738 658 757 de
665 737 785 757 restituenda
792 740 850 757 terra.

307 768 328 786 Si
335 770 388 787 terra
394 767 440 786 data
446 767 467 786 in
473 767 598 792 msritagium
604 774 648 787 cum
655 767 695 786 fllia
702 767 781 787 alieuius
789 768 812 787 de
819 768 925 787 hereditate
932 771 1020 787 materna

356 797 442 816 extiterit
450 797 470 816 in
477 803 536 816 manu
544 797 595 822 regis
603 803 638 822 per
646 803 718 816 annum
726 799 746 816 et
754 797 810 819 diem,
818 804 854 822 per
862 797 953 817 telonium
962 804 1021 822 quam

355 826 386 846 vir
394 826 454 852 ipsius
463 826 506 846 filiae
515 826 589 849 fecerit,
597 827 654 846 breve
662 827 687 846 de
695 827 822 846 restitutione,

306 856 375 879 Breve,
382 857 397 875 si
404 863 439 875 rex
446 856 558 876 alienaverit
564 857 617 876 inira
623 857 728 876 terminum
735 863 792 876 suum
798 857 828 876 vel
836 857 901 876 ballivi
907 857 942 876 sui.

307 887 358 906 Item
365 887 419 906 aliud
426 887 483 906 breve
491 887 515 906 de
522 887 589 906 eadem
597 886 683 906 materia.

306 916 328 936 Si
334 916 458 936 demtionem
465 916 533 936 feeerit
540 919 585 936 ante
592 916 730 936 oonvictionem
737 916 768 935 vel
776 919 826 942 post.

305 946 360 966 Nihil
369 946 465 966 forisfacit
474 949 578 971 antequam
587 947 647 966 fuerit
656 947 760 966 convictus.

306 976 365 999 Quod
377 979 431 996 terra
444 976 512 995 felonis
525 978 634 996 revertatur
648 977 672 995 ad
685 976 778 1001 capitales
791 976 878 996 dominos
891 983 928 1002 pro
941 977 1019 996 defectu

355 1005 448 1025 heredum
454 1006 500 1031 quia
506 1006 551 1025 inde
557 1006 656 1031 prooessit.

306 1036 345 1055 Sed
354 1036 401 1060 quid
410 1036 484 1055 dicetur
493 1036 517 1055 de
526 1036 632 1055 hereditate
641 1036 706 1055 uxoris
716 1042 760 1055 cum
769 1036 799 1055 vir
809 1036 869 1055 fuerit
878 1037 984 1061 utlagatus,
994 1043 1019 1056 an

355 1066 380 1085 sit
388 1065 454 1085 statim
462 1066 591 1085 restituenda?

305 1096 395 1118 Qualiter
411 1095 495 1120 utlagati
511 1098 557 1120 post
573 1095 713 1120 utlagationem
730 1102 755 1115 ex
771 1102 830 1115 eausa
846 1096 977 1116 admittuntur
994 1097 1019 1116 ad

355 1131 427 1150 paoem.

305 1155 368 1174 Breve
378 1155 430 1180 quod
441 1155 529 1174 dominus
540 1161 574 1174 rex
586 1155 681 1180 perdonat
692 1155 761 1179 fugam
772 1157 792 1174 et
802 1155 919 1180 utlagariam
930 1156 1018 1175 omnibus

356 1184 430 1204 ballivis
438 1184 560 1209 dirigendum
567 1184 592 1204 de
599 1187 686 1209 tempore
694 1191 734 1204 suo.

304 1214 367 1233 Aliud
376 1214 439 1236 breve,
449 1214 501 1239 quod
510 1220 545 1233 rex
554 1214 650 1239 perdonet
660 1216 755 1239 quantum
765 1214 790 1234 ad
800 1214 864 1239 ipsum
874 1215 959 1239 pertinet
968 1215 1018 1234 utla-

354 1243 430 1268 gariam
436 1244 510 1263 factam
515 1245 603 1268 tempore
610 1244 672 1269 patris
679 1244 714 1263 sui.

305 1273 357 1293 Item
368 1273 420 1298 quod
432 1280 466 1292 rex
478 1274 573 1298 perdonat
584 1273 701 1298 utlagariam
713 1274 759 1298 quia
768 1276 857 1298 tempore
868 1280 907 1299 quo
919 1274 1019 1299 appellum

355 1303 430 1322 factum
443 1303 487 1325 fuit,
501 1303 542 1328 ipse
556 1303 666 1328 appellatus
679 1303 699 1322 in
713 1303 751 1322 alio
764 1303 857 1322 comitatu
870 1304 981 1329 appellatus
995 1304 1019 1323 de

354 1333 422 1352 eadem
430 1332 505 1352 roheria
514 1339 548 1352 rex
557 1332 644 1352 remittit.

306 1363 328 1382 Si
336 1363 378 1388 quis
387 1363 437 1382 falso
445 1369 510 1382 coram
519 1363 625 1382 iustitiariis
634 1363 693 1382 fuerit
702 1363 812 1385 indictatus,
821 1365 840 1383 et
850 1365 918 1388 postea
926 1370 946 1383 se
955 1364 1018 1383 reddi-

355 1393 405 1412 den't
413 1393 495 1418 prisouae
503 1393 560 1417 regis,
568 1393 650 1412 remittit
657 1399 692 1412 rex
699 1392 822 1417 utlagariam.
