1173 1660
156 322 180 341 F.
188 324 225 341 124

156 560 180 578 F.
188 562 224 579 125

156 885 180 904 F.
188 887 224 904 126

156 1122 179 1141 F.
188 1124 224 1142 127

155 1300 179 1319 F.
187 1302 224 1320 128

470 166 637 181 KALENnAausM
929 168 951 185 11

239 203 260 222 Si
270 203 348 222 clericus
357 206 426 228 eaptus
436 204 496 223 fuerit
506 210 542 228 pro
551 205 613 223 morte
623 203 704 222 hominis
714 206 733 223 et
743 206 823 228 petatur
832 203 885 222 curia
894 203 952 223 chris-

288 233 382 252 tianitatis
391 233 415 252 de
424 239 452 255 eo,
462 233 545 258 qualiter
553 233 701 253 committendus
711 233 747 252 erit
757 233 855 258 episcopm
862 236 882 252 et
892 233 952 258 quali-

288 265 318 282 ter
325 263 426 288 episcopus
434 263 503 282 debeat
510 269 554 282 eum
562 263 663 282 custodire.

238 292 289 312 Cum
297 293 317 311 in
324 292 377 311 curia
384 292 528 312 christianitatis
537 293 629 312 defecerit
638 293 657 312 in
666 293 788 317 purgatione.

239 322 260 341 Si
269 322 377 341 ordinarius
386 322 469 341 noluerit
478 322 495 341 ei
504 322 640 347 purgationem
649 322 732 341 indicere
740 328 785 341 eum
794 322 819 341 sit
828 322 845 341 ei
854 322 952 344 liberatus,

288 354 335 371 tunc
343 352 378 371 fiat
385 352 403 371 ei
411 352 450 371 tale
458 352 521 371 breve.

237 381 270 401 De
284 381 372 401 custodia
386 388 463 401 reorum
477 382 510 406 qui
525 384 570 401 sunt
584 381 604 401 in
619 382 717 406 prisonam
731 381 820 401 mittendi
835 384 855 401 et
869 382 902 406 qui
917 388 952 406 per

288 411 362 436 plegios
369 411 484 433 dimittendi,
493 413 512 430 et
519 411 543 430 de
551 411 645 430 fractione
653 411 739 430 carceris.

238 441 270 460 De
282 441 387 460 criminosis
399 441 431 465 qui
443 441 509 460 statim
521 441 601 465 fugiunt
613 443 658 466 post
670 441 767 463 feloniam,
779 443 799 460 et
811 443 858 460 tunc
870 441 952 465 qualiter

288 473 340 489 secta
348 471 390 489 fieri
399 470 467 490 debeat
476 473 520 495 post
529 470 583 492 tales,
593 473 612 490 et
621 477 703 495 quorum
713 471 791 495 quidam
800 473 846 490 sunt
855 470 875 489 in
884 471 952 489 franco

288 500 353 525 plegio
362 502 381 519 et
391 500 469 525 quidam
479 500 503 519 de
512 502 630 524 manupastu
640 500 724 519 alicuius.

237 530 272 549 Ad
280 530 343 549 visum
352 530 375 549 de
383 530 451 549 franco
461 529 530 554 plegio.

238 559 328 582 Qualiter
337 566 381 578 reus
390 559 495 578 criminosis
505 559 530 578 sit
540 559 672 584 requirendus,
682 561 701 578 et
712 559 727 578 si
737 565 776 578 non
786 559 859 578 venerit
870 559 952 584 qualiter

288 589 411 613 utlagandus.

238 618 289 638 Cum
304 618 419 638 malefactor
435 619 503 643 fugam
520 618 598 643 ceperit,
614 618 697 643 qualiter
713 618 862 643 interrogandus
879 619 915 638 erit
932 618 952 637 in

288 648 380 667 comitatu
389 650 408 667 et
417 648 441 667 de
450 648 542 667 comitatu
551 648 571 667 in
579 648 698 670 comitatum,
707 651 727 667 et
736 648 769 673 qui
778 648 831 673 sequi
841 648 923 667 debeant
932 650 952 667 et

287 678 368 702 possint.

238 707 290 727 Item
298 707 340 732 quis
348 707 433 732 utlaguri
441 707 502 732 possit
510 710 529 726 et
538 707 612 726 debeat.

238 737 305 756 Minor
313 743 358 756 non

237 766 328 789 Qualiter
336 766 378 791 quis
387 767 440 791 sequi
449 766 518 785 debeat
526 768 546 785 et
555 767 580 785 sd
589 769 636 791 quot
644 766 752 786 comitatus.

238 796 289 816 Cum
302 796 361 815 fuerit
374 796 505 820 interrogatus
518 798 563 815 ente
575 796 716 820 utlagationem
728 796 800 821 poterit
814 803 833 815 se
847 802 918 821 ponere
931 796 951 816 in

288 826 385 851 prisonam
404 827 424 845 et
442 826 558 850 respondere
577 825 720 850 appellantibus
738 828 758 845 et
777 826 865 851 excipere
884 828 952 845 contre

288 855 392 880 appellum.

238 885 260 904 Si
270 888 341 904 sectam
350 891 446 904 resumere
456 885 544 907 noluerit,
555 885 595 904 sine
605 887 657 904 secta
666 891 704 904 non
715 885 831 910 procedatur
841 885 866 904 ad
875 885 951 910 utlaga-

287 915 365 934 tionem.

238 944 289 963 Item
298 950 340 969 quae
348 950 407 963 cause.
415 944 540 968 utlagationis
549 944 626 963 subesse
635 944 704 963 debeat
713 950 759 963 vera
767 945 798 963 vel
807 944 950 969 praesumptiva.

237 974 302 993 Causa
310 974 454 998 praesumptiva.
865 983 867 986 ι

238 1003 290 1022 Item
297 1003 312 1022 si
320 1003 374 1022 nulla
381 1003 456 1023 subfuit
463 1009 526 1022 causa.

238 1033 289 1052 Item
296 1033 312 1052 si
319 1033 379 1058 plaga
385 1039 425 1052 non
432 1033 471 1052 fuit
478 1033 590 1057 periculosa.

238 1063 260 1081 Si
268 1062 310 1087 quis
320 1063 379 1082 fuerit
388 1062 488 1086 utlagatus
497 1062 521 1081 ob
530 1062 604 1081 nullam
613 1068 690 1081 causam
699 1062 730 1081 vel
739 1062 802 1081 minus
811 1063 950 1085 rationabilem,

287 1092 322 1111 fiat
329 1092 346 1111 ei
354 1092 418 1116 gratia
425 1092 486 1111 maior
494 1094 589 1116 quantum
597 1092 621 1111 ad
629 1092 772 1116 inlagstionem.

238 1122 289 1141 Item
300 1122 372 1147 poterit
382 1122 478 1146 utlagatio
489 1122 611 1146 pronuntiari
622 1122 675 1141 nulla
687 1124 706 1141 et
717 1122 752 1141 fiat
763 1122 820 1141 breve
830 1122 881 1147 regis
892 1129 951 1147 super

287 1152 327 1174 hoe,
337 1154 356 1171 et
364 1152 418 1170 nulla
427 1152 463 1170 dici
472 1151 544 1176 poterit
552 1151 618 1171 multis
628 1151 739 1171 rationibus.

237 1181 286 1204 Quae
296 1181 332 1200 dici
342 1181 414 1206 poterit
423 1181 477 1200 nulla
486 1184 506 1200 et
515 1181 584 1206 quibus
595 1181 706 1203 rationibus,
717 1182 762 1206 quia
771 1182 834 1201 minus
844 1182 881 1201 rite
891 1182 949 1201 facta.

237 1211 289 1230 Item
297 1211 350 1230 nulls
358 1211 394 1230 dici
403 1211 475 1236 poterit
483 1211 503 1230 in
511 1211 585 1230 casibus
595 1211 712 1235 subscriptis.

238 1241 259 1260 Si
268 1243 308 1260 tam
317 1241 349 1260 ille
358 1241 381 1260 de
391 1241 452 1259 forcia
461 1247 519 1265 quam
528 1240 560 1260 ille
569 1241 593 1259 de
603 1241 655 1259 facto
665 1240 758 1265 fugerint,
767 1243 787 1260 et
797 1241 898 1265 utlagatur
908 1241 950 1266 quis

286 1272 327 1289 tam
336 1272 417 1295 propter
427 1270 501 1289 fantum
510 1276 568 1295 quam
578 1272 659 1295 propter
668 1270 754 1292 forciam,
764 1272 784 1289 et
793 1277 804 1289 e
813 1271 915 1289 contrario.

237 1300 327 1323 Qualiter
333 1303 353 1319 et
360 1300 437 1325 quando
445 1300 566 1325 pronuntiari
574 1300 643 1319 debeat
650 1300 747 1325 utlagaria
754 1300 778 1319 de
785 1300 838 1320 facto
845 1303 865 1320 et
873 1301 950 1325 quando

286 1330 311 1349 de
319 1330 386 1352 forcia,
394 1336 420 1349 au
428 1330 494 1349 statim
502 1332 521 1349 et
530 1330 596 1349 eodem
605 1330 636 1349 die
644 1330 719 1349 diversa
728 1330 798 1354 opinio.

238 1359 259 1378 Si
266 1359 298 1378 ille
306 1360 330 1379 de
337 1359 398 1378 forcia
407 1366 490 1384 praesens
498 1359 523 1379 sit
530 1362 550 1378 et
558 1359 590 1379 ille
598 1360 622 1378 de
631 1359 683 1378 facto
692 1359 771 1383 fugerit,
779 1359 809 1378 vel
818 1360 833 1379 si
841 1362 928 1385 uterque.

237 1389 259 1408 Si
267 1389 309 1414 quis
317 1389 337 1408 in
345 1391 415 1414 quarto
423 1389 515 1408 comitatu
524 1389 570 1408 velit
577 1395 705 1413 manucapere
714 1395 753 1408 non
762 1389 857 1408 audietur.
