1173 1660
360 156 390 171 DE
402 156 553 175 ADQUIRENDO
564 156 644 172 numm
655 156 757 172 DOMINIO
921 159 957 176 189

162 196 207 213 sunt
216 194 241 213 de
250 200 289 213 uno
298 194 370 219 stipite,
379 194 466 219 quamvis
476 194 546 219 pnres¹‘
556 194 609 213 sint¹⁸
618 194 682 219 quoad
692 194 721 213 ius
731 194 869 219 possessorium
879 197 958 214 mtena-

161 226 194 243 tus
201 226 221 243 et
228 226 337 249 postnstus,
344 224 445 249 quamvis¹'
453 224 547 249 possessio
554 224 641 249 postmti
649 224 702 243 nulla
710 223 755 246 sit‚²⁸
763 231 807 243 cum
815 224 840 244 sit
847 224 959 250 interrupta

161 260 197 279 per
206 254 318 279 diligentem
327 254 482 279 impetrationem
491 257 510 274 et
520 254 632 279 diligentem
641 254 794 279 prosecutionem
804 254 896 274 mtenati.
907 255 958 274 Cum

161 285 187 304 sit
198 285 259 310 igitur
270 285 324 304 heres
336 285 456 310 propinquus
468 284 541 310 poterit
552 291 593 304 esse
605 284 659 304 heres
671 287 761 304 remotus.
775 285 813 304 Est
826 287 891 304 autem
903 285 957 304 heres

161 317 252 338 remotus,
262 317 286 334 ut
296 315 312 334 si
322 315 365 340 quis
375 314 467 334 habu-ee·
478 314 544 340 plures
554 315 604 334 filios
615 317 634 334 et
645 315 722 334 unicam
732 315 798 337 filiam,
809 315 889 334 maseuli
900 317 957 334 erunt

161 345 240 365 heredes
249 345 354 370 propinqui
364 347 383 364 et
393 345 433 364 filia
442 344 496 364 heres
506 345 600 364 remotas*²
611 345 633 364 Si
643 347 708 364 autem
718 345 783 370 plures
794 345 843 364 filios
853 348 873 365 et
883 345 958 365 nul-lam

161 375 227 398 filiam,
235 376 269 395 sed
276 377 356 400 nepotes
364 382 388 394 ex
397 375 446 397 filiis,
454 375 489 394 filii
496 378 554 394 erunt
562 375 641 394 heredes
649 375 754 400 propinqui
762 378 782 394 et
790 378 870 400 nepotes
878 375 957 395 heredes

161 405 235 425 remoti.
246 405 298 424 Item
307 405 344 424 dici
354 407 447 430 poterunt
457 404 568 424 remotiores
578 407 667 430 respectu
677 405 769 424 heredum
779 407 897 424 remotorum
908 405 957 424 sicut

161 441 263 460 pronepos,
272 435 364 460 abnepos,
373 437 460 459 atnepos,
469 435 561 459 trinepos,
570 437 590 454 et
599 435 625 454 sic
634 435 714 454 ulterius
723 435 855 454 descendendo
864 435 885 454 in
894 435 957 454 infini-

160 467 203 484 tum
211 465 263 484 linea
270 467 328 484 reeta.
338 464 360 483 Si
368 467 433 484 autem
442 464 476 483 filii
485 466 505 483 et
514 464 554 483 filia
562 466 582 483 et
591 466 671 489 nepotes
680 464 791 487 defecerint,
801 467 848 483 tunc
856 464 894 483 erit
902 464 956 484 heres

160 494 281 519 propinquus
289 494 351 513 frater
358 496 377 513 et
384 500 439 513 soror
445 494 462 513 ei
469 494 502 518 qui
509 494 569 513 fuerit
576 494 596 513 in
604 494 672 513 seisins
679 494 796 513 hereditatis.
805 494 826 513 Si
834 496 899 513 autem
907 494 956 513 filios

160 523 248 543 babuerit
255 523 354 543 deficiente
361 523 401 542 filia
407 525 427 542 et
434 523 542 548 nepotibus,
549 523 586 543 erit
593 523 699 543 avunculus
705 523 736 543 vel
743 523 803 543 amita
809 524 830 543 in
836 524 887 543 linea
893 526 956 543 trans-

159 553 229 572 versali
236 553 290 573 heres
298 555 389 575 remotus,
397 555 417 572 et
424 559 490 572 omnes
498 559 522 572 ex
530 552 567 572 illis
575 553 723 578 provenientes²¹
731 553 752 572 in
759 553 827 573 eadem
835 553 886 572 lines.
893 556 955 573 trans-

159 583 229 602 versali
238 585 296 602 erunt
304 582 383 602 heredes
392 582 509 602 remotiores.
519 582 575 601 Filiis
584 585 650 602 eutem
659 585 679 602 et
689 582 785 605 filiabus,¹¹
794 585 814 602 et
824 583 926 608 nepotibus
936 585 956 603 et

159 612 256 637 neptibus,
264 612 373 631 avunculo¹⁸
381 615 400 632 et
408 612 467 631 amita
475 612 612 634 desidentibus,
620 614 667 631 tune
674 612 711 632 erit
719 612 862 637 proavunculus
871 615 891 632 et
899 619 955 638 proa-

159 642 208 662 mits
217 643 271 662 heres
281 642 408 667 propinquus,
418 645 438 662 et
448 642 481 661 alii
491 643 599 667 mperiores
609 643 678 662 remoti
688 645 708 662 et
718 643 835 662 remotiores.
847 643 899 662 Item
910 645 956 662 sunt

160 673 264 698 propinqui
274 675 294 692 et
305 672 457 698 propinquiores.
469 672 601 697 Propinquior
611 675 677 692 sutem
687 673 725 692 dini
735 673 808 698 poterit
818 673 851 692 ille
862 673 887 692 ad
898 679 956 698 quem

158 703 188 722 ius
196 703 321 728 proprietatis
329 703 438 722 immediate
446 705 491 728 post
499 705 581 722 mortem
589 703 713 722 antecessoris
722 703 825 725 deseendit,
834 703 864 722 vel
874 705 955 728 propter

159 734 241 752 aetatem.
251 732 282 752 Ut
291 733 307 752 si
316 732 358 757 quis
368 732 434 757 plures
443 732 522 752 haberet
531 732 586 755 filios,
596 732 626 752 ius
636 732 761 757 proprietatis
771 739 847 757 semper
857 733 955 752 descendit

159 762 184 781 ed
192 762 349 787 primogenitum,
357 768 380 781 eo
388 762 440 787 quod
449 762 490 787 ipse
498 762 588 781 inventus
596 764 626 781 est
634 762 697 787 primo
706 762 726 781 in
734 768 799 781 rerum
808 764 884 784 natura,
893 764 913 782 et
922 762 955 781 alii

158 791 285 811 remanebunt
293 792 310 810 ei
319 791 424 817 propinqui
432 791 462 811 vel
470 791 623 816 propinquiores,
632 792 737 811 seeundum
746 792 798 816 quod
806 791 876 811 liberos
884 792 954 811 habu&

158 821 184 841 rit
191 821 221 841 vel
228 827 267 841 non
273 821 367 841 habuerit.
376 821 397 841 Si
404 823 469 841 autem
476 821 496 841 in
503 821 543 841 vita
550 821 611 846 patris
619 821 720 841 decesserit
727 824 830 841 antenatus
838 821 878 841 sine
885 821 954 841 herede

158 851 182 870 de
192 858 218 873 se,
230 851 292 871 frater
302 853 405 876 postnatus
416 851 479 871 locum
490 857 546 870 suum
557 851 657 874 obtinebit,
668 853 688 870 et
699 851 777 876 ineipiet
788 857 829 870 esse
840 851 892 876 patri
903 857 954 871 eom-

158 881 212 900 muni
223 881 277 900 heres
289 880 422 906 propinquior,
433 883 453 900 et
465 881 497 900 ulii
508 881 595 906 postnati
607 881 717 906 propinqui,
729 883 748 900 et
760 881 787 900 sie
798 881 832 900 fiet
843 881 868 900 de
880 881 922 900 aliis
934 881 954 900 in

157 911 260 930 infinitum.
273 910 295 930 Si
305 913 371 930 autem
381 910 443 930 trater
454 912 556 930 antenatus
567 911 588 929 in
598 910 639 930 vita
650 910 711 935 patris
722 910 828 930 eommunis
839 910 913 933 obierit,
924 917 953 930 re-

157 940 203 960 licto
213 940 282 960 herede
291 940 316 960 de
326 947 351 962 se,
361 946 422 965 nepos
431 940 462 959 vel
472 940 536 965 neptis
546 946 570 959 ex
580 946 603 959 eo
613 940 694 965 incipitn
704 946 745 960 esse
754 940 775 959 in
785 942 882 965 potestate
893 940 923 959 evi
934 942 954 960 et

157 970 211 989 heres
220 969 348 995 propinquior
355 976 397 992 nvo,
406 972 488 995 propter
496 969 526 989 ius
534 969 659 994 proprietatis
668 970 720 994 quod
728 969 746 989 ei
754 970 857 992 deseendit,
866 969 953 994 quamvis

157 1000 221 1025 gradu
231 999 328 1022 remotior,
339 1002 358 1019 et
369 999 474 1019 avunculus
485 999 516 1019 vel
526 999 585 1018 amita
595 999 650 1019 heres
661 999 782 1024 propinquus
793 1001 813 1018 et
823 1006 862 1018 non
874 999 953 1024 propin-

157 1029 218 1054 quior,
228 1029 315 1054 quamvis
325 1029 389 1054 gradu
398 1029 531 1054 propinquior.
541 1029 571 1048 Et
581 1029 633 1048 unde
643 1029 659 1048 si
669 1029 775 1048 avunculus
785 1029 816 1048 vel
827 1029 886 1048 sinite
897 1031 953 1048 extra

157 1059 246 1078 seisinam
252 1061 307 1084 petet
313 1065 379 1078 versus
385 1061 476 1083 nepotem
482 1058 514 1078 vel
519 1060 598 1083 neptem
605 1058 638 1083 qui
645 1058 732 1077 fueritin
739 1058 813 1081 seisina,
821 1058 905 1078 obstabit
912 1058 953 1077 eis*

157 1088 245 1113 exceptio
258 1088 389 1113 proprietatis,
402 1090 423 1107 et
435 1088 487 1113 quod
500 1088 578 1107 heredes
592 1088 739 1113 propinquiores
752 1094 794 1107 esse
806 1094 846 1107 non
860 1090 952 1113 poterunt

157 1118 263 1138 avunculus
272 1118 303 1137 vel
312 1118 377 1137 amita.
387 1117 417 1137 Et
425 1117 492 1137 eodem
501 1117 559 1137 modo
569 1117 584 1136 si
594 1119 663 1142 petant
672 1123 738 1136 versus
748 1120 850 1137 extraneas
860 1124 952 1142 personas

156 1148 240 1167 obstabit
250 1147 338 1173 exceptio
349 1147 480 1172 proprietatis,
491 1146 550 1172 quis’·
561 1153 621 1172 nepos
632 1147 663 1166 vel
674 1146 737 1172 neptis
749 1146 779 1166 vd
790 1147 839 1166 alius
850 1147 911 1166 maius
922 1147 952 1166 ius

156 1177 243 1197 habuit.’''
256 1177 277 1196 Si
290 1179 355 1197 autem
367 1177 473 1196 avunculus
485 1176 516 1196 vel
528 1176 588 1196 amita
600 1176 713 1201 priusquam
724 1183 785 1201 nepos
798 1176 828 1196 vel
841 1177 905 1202 neptis
917 1176 952 1196 se''

156 1207 171 1227 f.
179 1207 213 1231 66]
241 1207 327 1232 posuerit
336 1207 356 1226 in
364 1206 458 1229 seisimm,
466 1209 513 1226 tune
522 1206 557 1225 fiat
566 1212 602 1231 per
610 1206 680 1228 omnin,
689 1206 794 1225 semmduin
803 1207 854 1232 quod
864 1206 952 1232 superius

156 1262 189 1271 ¹¹⁴⁸
195 1262 235 1281 0¹2,
242 1262 279 1281 LA3
286 1267 332 1282 paru
339 1266 385 1280 nune,
392 1261 430 1280 0A;
437 1266 483 1281 paren
490 1263 532 1280 runt,
539 1261 560 1280 V,
566 1261 601 1279 01³,
609 1261 642 1276 OC.
661 1260 674 1269 ¹⁷
679 1262 737 1280 umen,
745 1261 767 1279 V;
775 1262 816 1280 quia,
824 1261 856 1276 LA.
875 1261 889 1270 ¹¹
894 1263 923 1280 ert,
931 1261 951 1280 V,

156 1287 191 1306 OB,
196 1287 235 1306 MA,
241 1287 279 1306 ME,
286 1287 319 1306 (ΞΕ,
325 1286 359 1306 OC,
365 1287 398 1305 LA,
404 1287 441 1302 MC.
458 1286 472 1295 ¹⁸
478 1286 554 1305 babuerit,
561 1286 595 1305 ΟΛ,
602 1286 636 1305 LA,
642 1286 676 1305 OC,
683 1286 719 1302 MC.
737 1286 750 1295 ⁸·
756 1288 829 1305 remotus,
835 1286 871 1305 OA,
877 1287 911 1306 LA,
917 1287 951 1306 OC,

155 1313 194 1331 ΜΟ,
201 1312 235 1331 CE,
241 1312 279 1331 CM,
285 1312 323 1331 MC,
330 1312 363 1327 MA
371 1312 419 1331 (ωτι.
426 1312 473 1331 r-tn).
485 1311 498 1320 ‘¹
504 1312 588 1330 venientu,
594 1311 633 1330 MG,
637 1311 658 1330 Y,
662 1312 699 1327 CM.
711 1311 744 1320 ²²⁴¹
750 1311 811 1327 mmm
816 1312 898 1331 nepotibus
903 1317 951 1327 uun-

154 1337 195 1357 cnlo,
204 1337 224 1356 V,
233 1337 267 1356 OB,
277 1337 316 1356 MA,
325 1337 364 1356 MR,
373 1337 407 1356 (ΞΕ,
417 1337 437 1356 Y,
447 1337 487 1355 CM;
497 1337 579 1357 nepotibus
589 1337 672 1357 nepfflbun
682 1337 762 1356 avunculo,
772 1337 811 1353 ΜΟ.
832 1337 845 1346 “
850 1338 920 1357 incipiet,
931 1337 951 1357 V,

155 1363 189 1382 ΟΒ,
200 1363 240 1381 mh
251 1362 292 1382 quod
302 1363 363 1382 incipit,
373 1362 411 1378 MG.
432 1362 471 1381 '‘d,
481 1362 516 1381 OB,
526 1362 560 1382 OC,
570 1362 608 1381 CM,
619 1362 652 1381 ΟΕ,
662 1362 682 1378 Υ.
703 1362 769 1382 ”quod,
778 1363 813 1382 OA,
824 1363 857 1382 LA,
868 1363 902 1382 OC,
913 1364 950 1379 MC.

155 1388 168 1397 ’⁷
174 1388 250 1407 habuerit,
257 1388 291 1407 ΟΛ,
298 1388 333 1407 01³,
340 1388 374 1407 OC,
381 1388 415 1407 LA,
422 1388 459 1403 MC.
477 1387 491 1396 ι’
496 1388 537 1407 θαι,
545 1388 584 1407 MG,
592 1388 628 1403 CM.
