1173 1660
410 143 441 159 DE
453 143 555 159 PLacrrls
566 143 661 159 CORONAE
897 145 935 164 877

139 181 198 203 Quod
206 181 222 200 si
229 187 264 206 per
272 181 356 206 patriam
363 187 383 200 se
391 181 494 200 defendere
502 187 541 200 non
549 181 616 206 possit,
624 181 676 206 quod
684 181 752 201 doceat
759 188 836 200 eausam
845 188 885 201 esse
892 182 935 201 nul-

139 211 178 230 lam
186 217 222 249 per
230 210 365 230 exhibitionem
374 211 414 229 eius
423 210 455 235 qui
464 210 545 229 interfici
554 211 626 233 debuit,
635 211 720 236 alioquin
729 211 820 230 iudicium
829 211 936 233 sustinebit,

139 240 169 259 vel
179 240 201 260 si‘
202 239 302 265 'patriam
312 240 428 259 recusaverit
438 240 491 265 quasi
502 246 538 265 pro
547 240 634 259 convicto
644 240 731 263 habetur,
742 241 770 259 ita
779 240 847 265 quod'
841 247 861 260 m
871 241 935 265 patria

139 276 178 289 non
186 269 259 295 poterit
267 276 374 289 remanere
382 272 402 289 et
411 270 426 289 si
435 276 469 288 rex
478 276 522 289 eum
531 270 551 289 in
559 270 624 295 patria
633 270 741 292 sustineret,
749 270 785 289 hoe
794 272 844 289 esset
853 270 892 289 ad'
887 270 935 289 iniu-

139 299 188 319 riam
196 299 318 324 appellantis.
328 299 350 318 Si
358 302 423 318 autem
432 305 471 318 non
479 299 504 319 sit
513 299 581 324 aliquis
590 300 622 324 qui
631 300 655 318 ab
664 299 718 319 initio
726 299 775 319 bene
784 302 860 319 secutus
869 300 935 322 fuerit,

139 335 174 348 nec
182 329 251 354 aliquis
260 329 293 354 qui
302 329 401 354 appellum
409 328 479 348 habere
488 329 554 354 possit,
563 331 610 348 tune
620 329 692 354 poterit
701 329 813 354 inlegatus·
822 329 843 348 in
851 329 936 354 patriam

140 358 154 377 f.
163 359 209 382 184]
237 365 335 378 remanere
343 358 368 377 ad
375 364 443 383 pacem
451 358 523 377 domini
531 358 588 383 regis.

189 390 242 409 Item
251 389 268 409 εἰ
276 391 380 409 antenatus
388 389 440 414 filim
449 395 474 409 ew
482 389 571 414 pluribue
579 389 672 413 feloniam
681 390 749 413 fecerit
758 389 779 409 in
789 390 829 409 vita
838 390 907 415 patrio,
916 392 936 409 et

189 419 250 443 fuerit
258 419 358 444 utlayatus
366 419 387 439 ἰπ
395 419 436 438 vitu
444 419 511 444 patris.

140 450 196 469 I'rem
205 452 246 469 estu
254 450 306 475 quod
314 450 356 475 quis
364 450 430 475 plures
438 450 526 469 habuerit
535 450 590 472 filios,
599 452 618 469 et
627 452 729 470 antenatus
739 450 831 470 feloniam
840 451 907 470 feeerit
916 451 936 470 in

139 480 180 499 vita
187 480 249 505 patris
257 482 276 499 et
283 480 383 504 utlagatus
391 480 411 499 in
419 480 459 499 vita
467 480 533 504 patris.
542 480 624 499 Mortuo
632 482 688 505 patre
696 480 800 499 videndum
808 482 838 499 est
846 480 870 499 md
879 486 936 505 quem

140 509 169 528 ius
178 512 197 528 et
205 509 301 528 hereditas
310 509 424 528 descendere
433 507 507 528 debeat.
518 509 546 528 Et
556 509 633 528 videtur
641 510 694 534 quod
702 516 741 528 non
751 509 798 528 filio·
807 509 902 534 utlagato,
911 516 936 529 ex

140 545 178 564 quo
189 545 224 564 per
234 539 352 564 utlagariam
362 538 464 558 forisfecit·
475 539 504 558 ius
515 539 634 561 succedendi,
645 541 664 558 et
675 545 714 558 non
725 539 787 558 solum
799 539 892 564 adeptum
903 539 936 558 sed

140 569 290 593 adipiscendum.
297 568 351 587 Non'
357 575 404 593 ergo
410 568 519 587 restituitur
525 569 550 588 ad
557 568 699 590 successionem,
706 568 751 593 quia
757 569 793 587 hoe
799 570 849 588 esset
855 571 878 588 ut
885 569 936 588 vide-

140 600 173 617 tur
181 598 201 617 in
209 598 340 623 praeiudicium
348 598 421 617 domini
429 598 522 623 capitalis,
532 598 584 622 quod
592 604 633 617 esse
642 604 681 617 uon
690 598 752 617 debet.
763 598 784 617 Si
794 601 859 617 autem
867 598 888 617 iu
896 598 937 617 vita

140 627 201 652 patris
211 629 318 647 moreretur
328 634 372 646 eum
381 630 431 647 esset
440 628 541 647 restitutus
551 628 591 647 sine
601 627 676 649 herede,
686 630 732 647 tunc
743 628 797 652 quasi
807 634 847 647 non
857 630 906 647 esset
916 628 936 646 in

140 663 204 676 rerum
213 659 284 676 natura
292 657 415 676 descenderet
424 657 519 676 hereditas
529 657 553 676 ad
563 657 610 676 alios
619 657 697 676 heredes
706 657 853 682 propinquiores
863 659 886 676 ut
895 657 936 682 qui-

139 686 221 706 busdam
231 686 313 709 videtur,
322 687 374 711 quod
384 693 424 706 non
433 686 469 706 est‘
480 693 546 706 verum
557 687 662 706 seeundum
672 686 719 706 alios
729 686 762 711 qui
772 686 843 706 melius,
850 687 936 706 sentiunt

140 716 164 735 de
171 716 251 735 talibus:
259 716 305 740 quia
312 722 356 735 eum
364 718 467 735 antenatus
475 716 570 735 moriatur
578 716 598 735 in
606 716 647 735 vita
655 716 716 741 patris
725 716 755 735 vel
763 716 843 735 alterius
852 718 936 735 antaeoes-

140 745 193 768 soris,
202 746 241 765 sive
249 745 353 770 inlagatus‘
362 746 421 765 fuerit
429 746 469 765 sive
476 752 521 768 non,
530 745 626 765 forisfacit
634 745 722 765 omnibus
730 745 831 764 heredibus
840 745 878 764 suis
887 752 935 770 prae-

139 775 225 794 sentibus
232 777 252 794 et
260 775 404 800 apparentibus,
412 775 490 797 futuris,
499 775 542 794 licet
550 777 597 794 tunc
606 781 645 794 non
653 775 784 797 existentibus,
793 775 907 800 propinquis
916 777 935 794 et

139 805 223 827 remotis,
234 804 327 824 frah-ibus
338 807 357 823 et
367 804 469 827 sororibus,
479 807 499 824 et
509 805 533 824 de
543 811 600 823 carne
610 804 691 829 propria
701 804 821 826 exeuntibus,
832 807 895 824 totum
906 804 935 823 ius

140 835 191 859 quod
199 834 266 853 habuit
274 834 304 853 die
312 841 350 859 quo
358 834 431 853 felonia
439 834 477 853 ruit
486 836 604 859 perpetrata,
612 834 643 853 vel
651 834 703 859 quod
711 834 728 853 ei
737 834 822 853 accidere
830 834 902 859 posset·
911 834 935 853 ab

140 864 204 889 aliquo
211 866 335 886 auteoessore,
343 864 359 883 si
366 866 505 883 antecessorem
513 863 650 889 superviveret'
659 866 678 883 et
686 863 779 883 telonium
786 870 825 883 non
833 863 935 883 commisis-

139 895 174 916 set,
181 896 200 912 et
206 893 239 918 qui
245 896 323 913 mortuo
329 896 448 912 antecessore
455 893 517 913 futuri
524 896 588 913 essent
594 894 623 912 sui
630 893 708 912 heredes
715 893 731 912 si
738 893 767 912 ius
774 893 792 912 ei
799 893 935 912 descendisset:

140 923 185 948 quia
195 923 240 942 licet
250 923 323 947 gradus
333 929 405 942 vacuus
417 923 441 942 sit
452 929 488 948 per
499 925 581 942 mortem
592 929 647 942 suam
659 923 674 942 si
686 923 711 942 ad
722 929 791 948 pacem
802 923 873 942 domini
884 922 935 947 regis

139 955 247 971 moreretur
255 952 296 972 sine
305 952 382 975 felonia,
392 955 491 977 oporteret
500 953 552 977 quod
561 953 585 972 de
594 952 623 972 eo¹
633 952 688 971 fieret
697 952 769 971 mentio
779 952 800 971 in
809 952 900 971 descensu
910 952 935 971 ad

139 982 218 1001 heredes
224 982 248 1001 de
255 988 311 1001 carne
319 988 353 1001 sua
360 984 451 1001 exeuntes
459 982 491 1001 sic.
498 982 528 1001 Et
535 982 586 1001 unde
593 982 622 1001 ius
629 988 641 1001 a
647 981 683 1001 tali
690 984 809 1001 antecessore
817 982 935 1001 descendisse

139 1011 205 1030 debuit
214 1011 249 1030 tali
258 1013 281 1030 ut
290 1011 330 1030 filio
338 1014 358 1031 et
366 1011 432 1030 heredi
441 1011 463 1031 si'
472 1011 550 1034 viveret,
560 1011 593 1030 et¹'
603 1011 628 1030 α’*
637 1011 678 1033 tali,
688 1011 736 1030 tali¹¹
746 1014 768 1030 ut
778 1011 818 1030 filio
827 1013 847 1030 et
856 1011 935 1030 heredi¹¹

139 1040 189 1060 talis.
198 1041 227 1059 Et
235 1040 301 1066 qu0d¹¹
309 1041 346 1060 dici
354 1041 412 1060 debet
420 1041 443 1060 de
452 1041 545 1060 fratribus
554 1043 573 1060 et
581 1041 678 1060 sororibus
686 1043 705 1060 et
714 1041 755 1060 aliis
764 1040 865 1060 heredibus
874 1047 935 1060 remo-

139 1070 226 1093 tioribus,
233 1070 317 1095 propriis
324 1070 388 1089 liberis
396 1077 435 1089 non
442 1070 573 1090 existentibus.
582 1070 612 1089 Et
620 1070 646 1089 sic
654 1077 693 1089 non
701 1070 773 1095 poterit
780 1070 818 1089 diei
826 1070 935 1089 immediate

140 1100 191 1125 quod
200 1100 229 1119 ius
238 1100 335 1120 descendit
344 1107 356 1119 a
363 1100 398 1119 tali
407 1103 526 1120 antecessore
534 1101 569 1120 tali
578 1100 644 1125 nepoti
653 1100 683 1119 vel
692 1100 753 1125 nepti,
762 1100 820 1119 fratri
829 1100 859 1119 vel
869 1100 935 1122 sorori,

139 1130 170 1149 vel
175 1130 240 1149 heredi
246 1130 349 1153 remotiori,
356 1130 410 1149 nulla
417 1131 470 1150 facta
476 1131 572 1150 mentione
579 1131 603 1150 de
610 1137 632 1150 eo
639 1131 671 1155 qui
678 1130 725 1150 obiit
732 1130 752 1149 in
758 1130 799 1149 vita
805 1130 935 1149 antecessoris.

140 1160 169 1180 Et
177 1161 203 1180 sic
211 1160 307 1179 forisfacit
315 1160 346 1179 ille
354 1161 387 1185 qui
395 1160 487 1180 feloniam
495 1161 595 1183 oommisit,
603 1161 642 1180 sive
650 1160 744 1180 moriatur
752 1161 773 1179 in
781 1160 822 1179 vita
830 1162 935 1180 antecesso-

140 1190 166 1210 ris
174 1191 213 1210 sive
222 1193 266 1215 post
273 1193 361 1212 mortem,
369 1193 389 1209 et
397 1190 436 1210 sive
444 1191 544 1215 utlagatus
552 1191 582 1210 vel
591 1191 611 1210 in
619 1191 659 1210 vita
667 1191 791 1210 antecessoris
801 1191 907 1212 restitutus,
916 1192 936 1209 et

140 1220 166 1240 sic
175 1220 271 1240 forisfacit
280 1220 374 1240 actionem
382 1223 401 1240 et
411 1220 440 1240 ius
448 1220 536 1240 habitum
543 1223 563 1240 et
571 1221 686 1240 habendum.
696 1221 747 1240 Item
756 1221 882 1240 hereditatem
891 1227 936 1245 pro-

141 1275 154 1284 =·
160 1276 173 1290 n
182 1280 215 1295 per,
224 1275 263 1293 MG,
271 1275 308 1290 CM.
327 1274 341 1283 ¹·
346 1274 431 1294 anag-m,
439 1275 459 1293 v,
468 1275 505 1290 cu.

181 1300 187 1309 =
193 1300 234 1319 οη,
241 1300 280 1319 MG,
288 1300 325 1315 cm.
344 1299 350 1308 ¹
356 1299 457 1319 tumescent,
465 1300 505 1319 nc,
513 1301 553 1319 ωις
562 1300 646 1319 somma.
654 1300 687 1316 oc.
706 1300 764 1319 uam,
773 1300 812 1319 Mo,
820 1300 857 1316 cu.
877 1300 935 1319 ‘mee

139 1325 178 1344 uo,
188 1325 226 1344 cM,
236 1325 269 1341 oc.
290 1325 387 1345 *nug-m,
397 1325 432 1344 01³,
442 1325 480 1344 ΜΛ,
490 1326 529 1345 ΜΒ,
540 1326 576 1341 iac.
598 1325 665 1345 'possm
676 1326 714 1344 MA,
725 1326 763 1341 ΜΒ.
785 1325 904 1345 namnum,
915 1326 935 1345 v,

139 1350 172 1366 oc.
191 1350 227 1369 ω,
235 1351 270 1369 01³,
278 1350 316 1369 MA,
324 1350 363 1369 un,
371 1350 404 1369 ca,
413 1350 449 1366 Mc.
468 1350 494 1359 ω*
500 1351 540 1370 οη,
548 1351 583 1370 013,
591 1351 629 1370 MA,
637 1351 675 1367 us.
695 1350 761 1370 muza,
770 1351 803 1370 LA,
812 1351 847 1370 οᾼ,
855 1351 889 1370 ca,
898 1351 934 1366 uc.

139 1376 152 1385 ι·
158 1376 199 1395 Om„
207 1376 246 1395 MG,
254 1376 291 1391 cM.
311 1375 324 1384 ¹⁴
330 1376 370 1395 οη,
378 1376 413 1395 01³,
422 1376 460 1395 MA,
468 1376 506 1391 ΜΒ.
