1173 1660
354 156 385 172 DE
396 156 548 175 ADQUIRENDO
559 156 639 172 RERUM
650 156 751 172 DOMINIO
915 158 952 176 286

156 200 203 213 som
213 194 285 213 domini
295 194 336 213 vice
345 200 406 216 versa,
417 197 436 213 et
447 194 524 214 dissolvi
533 197 553 214 et
563 194 651 219 extingui
661 194 682 213 in
692 200 775 219 persona
784 195 867 214 tenentis
878 197 897 214 et
908 200 952 213 eon-

156 224 251 243 valesoere
261 224 281 243 in
292 230 375 248 persona
385 224 470 246 alterius,
481 226 504 243 ut
514 224 530 243 si
540 226 608 243 tenens
619 230 663 243 cum
673 224 784 248 homagium
796 224 863 243 fecerit
875 224 952 243 domino

156 259 197 276 suo,
207 260 227 272 se
237 253 330 273 dimiserit
340 260 364 272 ex
373 255 416 272 toto
425 253 450 273 de
458 253 564 273 hereditate
574 260 609 273 sua
619 256 639 273 et
649 253 708 272 alium
719 253 830 273 teoffaverit
839 254 918 273 tenendi
928 254 953 273 de

156 283 234 302 domino
241 283 326 308 capitali.
335 283 364 302 Et
373 289 411 308 quo
420 289 466 302 essu
474 286 541 303 tenens
551 283 656 302 absolvitur
665 283 690 302 ab
698 283 794 308 homagio,
803 286 823 303 et
832 283 953 308 extinguitur

155 312 267 337 homagium
278 312 324 332 velit
334 312 383 332 nolit
393 313 482 332 dominus
492 313 586 338 capitalis,
598 315 617 332 et
628 313 695 338 incipit
706 313 727 332 in
737 319 820 338 persona
831 313 908 333 feoffati
920 313 953 338 qui

156 342 254 367 obligatur
266 344 347 367 propter
359 344 491 362 tenementum
503 342 561 367 quod’
574 345 603 362 est
616 342 695 361 feodum
708 342 780 362 domini
792 342 886 368 mpitasis.
901 343 953 362 Item

155 372 267 397 homagium
275 372 327 397 quod
335 372 361 391 sic
369 372 490 396 extinguitur
498 372 518 391 in
526 378 609 397 persona
616 372 699 391 tenentis
707 372 777 391 iterum
786 372 872 392 revivisci
881 373 953 397 poterit

156 402 177 421 in
184 408 267 427 persona
275 402 366 424 eiusdem,
374 402 408 421 sed
416 408 440 420 ex
448 401 486 420 alia
493 408 557 424 causa.
566 404 589 421 ut
598 402 613 420 si
622 401 716 421 feoffatus
725 402 749 421 nb
758 408 781 421 eo
789 402 847 421 idem'
855 404 952 421 tenemen-

156 434 199 451 tum
205 431 229 451 εἰ·
236 431 326 451 restituat
332 431 438 451 tenendum
444 431 468 451 de
475 431 542 451 eodem
548 431 627 457 capitali
634 431 717 451 domino.
726 432 777 451 Item
785 431 873 457 extingui
880 432 953 457 poterit

156 461 267 486 homagium
276 464 296 480 et
305 461 397 486 obligatio
407 461 484 480 dissolvi
493 467 518 480 ex
527 463 610 486 utraque
620 463 676 486 parte
685 461 751 481 multis
760 462 828 484 modis,
838 462 891 486 quod
900 464 952 481 tene-

155 493 243 510 mentum
255 491 323 510 datum
335 497 371 515 pro
383 491 472 515 homagio
484 492 504 510 et
516 491 593 510 servitio
605 491 711 510 remanebit
723 491 801 516 capitali
814 491 891 510 domino
903 494 952 510 tam-

156 527 215 545 quam
223 520 304 540 eschaeta
313 527 349 539 sua
357 520 377 539 in
386 520 487 543 dominico,
497 523 539 540 tum
548 522 630 545 propter
639 520 743 543 defectum,
752 523 795 540 tum
804 523 886 545 propter
896 521 952 540 delie-

156 552 204 569 tum
216 550 310 575 Propter*
322 550 432 572 defeetum,¹
443 552 467 569 ut
478 550 493 569 si
505 552 572 569 tenens
584 552 604 569 et
616 550 710 569 seoffatus
722 550 757 569 sibi
769 553 789 570 et
800 550 901 570 heredibus
914 550 953 570 suis

156 580 213 600 oeteis
222 580 252 599 vel
261 580 339 599 incertis
348 580 388 599 sine
397 579 498 599 heredibus
508 580 609 599 decesserit
618 580 702 602 omnino,
712 579 743 599 vel
753 580 793 599 sine
803 579 879 599 herede‘
889 580 913 599 de
923 586 952 599 se:

156 612 176 629 et
184 616 222 634 quo
229 616 275 629 casu
283 609 405 634 extinguitur
413 609 491 628 omnino
498 609 610 634 homagium
618 612 638 629 et
647 609 745 634 obligatio,
754 609 812 634 quod'
821 612 953 629 tenementum

156 639 208 659 cadit
216 639 236 658 in
244 639 366 658 dominicum.
376 638 511 664 Homagium:
520 639 565 664 quia
573 645 613 658 non
621 641 667 658 sunt
675 641 741 664 partes
750 639 801 658 inter
809 646 857 664 quas
866 639 953 659 contrahi

157 669 223 694 possit,
235 675 279 688 cum
291 668 378 688 contrahi
389 675 429 688 non
440 668 501 693 possit
512 669 549 688 nisi
561 669 612 688 inter
623 669 672 688 duas
684 675 784 693 personas:
797 669 895 694 obligatio,
908 669 953 694 quia

156 699 248 718 deficiunt
255 698 334 718 heredes
342 699 363 717 in
370 698 457 723 personis
465 704 547 723 quorum
555 698 623 723 possit⁸
631 698 743 723 homagium
752 698 845 718 suscitari.
854 698 884 718 Et
892 698 952 723 quali-

156 730 186 747 ter
191 728 227 747 hoe
233 729 256 747 fit
262 728 283 747 in
288 728 376 753 pluribus
382 728 457 747 casibus
463 728 537 747 dicetur
543 728 595 747 infra
602 727 626 747 de
633 728 716 747 eschaetis
723 727 804 753 plenius.
813 727 864 747 Item
871 731 953 753 propter

157 757 254 780 delictum,
258 759 280 776 ut
285 757 301 776 si
305 760 372 777 tenens
378 757 457 776 alicuius
462 757 554 776 felonium
559 757 626 776 feeerit
630 757 661 776 vel
666 757 752 782 aliquid¹⁰
758 757 810 776 aliud
815 760 897 782 propter
901 757 953 782 quod

156 787 225 807 debeat
236 787 354 810 exheredari,
365 790 384 807 et
395 794 433 812 quo
444 794 489 806 casu
500 787 621 812 extinguitur
631 787 742 812 homagium
753 789 773 806 et
784 787 894 806 dissolvitur
905 787 952 806 obli-

155 817 209 842 gatio
215 823 239 837 ex
246 819 328 842 utraque
335 819 391 842 parte
397 817 472 836 ratione
478 817 575 842 praedicta,
582 819 601 836 et
608 817 711 836 revertitur
717 817 862 836 tenementum¹¹
870 817 895 836 ad
901 817 952 842 eapi-

156 847 215 866 talem
222 847 321 866 dominum
328 847 348 866 in
355 847 450 866 dominico
457 849 479 866 ut
486 847 566 866 eschaeta
573 853 614 866 sua.
622 847 674 866 Item
682 847 803 871 extinguitur
810 847 921 871 homagium
929 847 952 866 de

156 877 198 896 iure
207 879 226 896 et
235 877 346 896 dissolvitur
354 877 447 901 obligatio
455 879 475 896 et
484 877 581 896 vinculum
590 877 695 899 fidelitatis,
704 880 727 897 ut
737 883 781 896 eum
790 877 832 902 quis
842 877 953 902 homagium

158 906 225 926 feeerit
237 906 315 926 domino
328 913 363 926 suo
375 909 395 926 et
408 907 507 926 servitium
520 906 589 926 illum¹¹
601 906 695 926 malitiose
709 907 855 926 deadvocaverit
869 907 952 929 omnino,

157 936 209 961 quod
216 936 263 955 nihil
271 937 355 956 tenuerit
363 937 387 956 de
395 943 423 959 eo,
432 937 457 955 ad
465 936 632 956 exheredationem
640 936 712 956 domini
721 936 751 955 sui
759 937 789 955 eui
798 943 834 961 per
842 936 953 961 homagium

156 965 253 990 obligatus
262 966 328 985 fuerat
336 968 356 985 et
364 965 477 985 fidelitatis¹⁸
486 968 636 985 sacramentum:
646 969 665 985 et
673 972 712 991 quo
720 972 766 985 casu
775 966 819 985 lieet
827 965 953 990 homagium¹⁴

157 998 176 1015 et
186 995 278 1020 obligatio
288 998 353 1015 teneat
363 1002 388 1015 ex
398 998 454 1021 parte
464 995 536 1015 domini
548 996 563 1015 si
573 995 661 1018 voluerit,
672 1002 712 1015 non
721 998 787 1015 tamen
797 998 850 1015 tenet
861 1002 886 1015 ex
896 998 953 1020 parte

156 1026 239 1045 tenentis
248 1026 306 1045 cum¹'
315 1032 351 1051 per
360 1026 507 1050 abnegationem
516 1026 588 1045 domini
597 1026 627 1045 sui
635 1026 746 1050 homagium
756 1028 776 1045 et
785 1026 883 1045 vineulum
893 1026 952 1045 fideli-

156 1056 203 1075 tatis
212 1056 307 1081 infringit.
318 1056 347 1076 Et
356 1058 469 1081 competunt
478 1056 556 1075 domino
565 1056 585 1075 in
594 1056 630 1075 hoe
640 1062 685 1075 essu
695 1056 734 1075 duo
744 1056 828 1075 remedia
837 1058 860 1075 ut
870 1056 953 1078 videtur,

156 1086 187 1106 vel
195 1087 247 1111 quod
254 1089 309 1112 petat
317 1089 449 1106 tenementum
456 1087 539 1106 tenentis
548 1086 583 1109 sui,
592 1087 644 1111 quod
652 1087 676 1105 de
684 1093 707 1106 eo
715 1089 780 1106 tenere
789 1086 855 1105 debuit
864 1086 884 1105 in
893 1086 953 1105 domi-

157 1117 205 1139 nioo,
215 1117 260 1142 quia
269 1117 397 1136 deadvocatus
406 1119 435 1136 est
444 1123 480 1142 per
488 1119 586 1136 tenentem
595 1117 616 1135 in
625 1117 678 1136 euius
688 1123 771 1141 persona
780 1116 845 1136 deficit
854 1116 953 1141 obligatio,

156 1147 187 1166 vel
196 1148 249 1172 quod
257 1149 313 1172 petat
322 1147 420 1166 servitium
430 1154 452 1166 eo
461 1147 513 1172 quod
522 1149 575 1166 tenet
584 1147 677 1172 obligatio
686 1147 707 1166 in
715 1153 799 1171 persona
808 1153 849 1169 sua,
858 1149 879 1166 et
888 1147 953 1166 remit-

157 1179 187 1196 tat
193 1177 266 1197 tenenti
273 1177 312 1196 de¹⁸
318 1177 382 1202 gratia
389 1179 526 1196 tenementum.
534 1177 605 1197 Refert
612 1179 678 1196 tamen
685 1183 720 1202 per
727 1177 779 1202 quod
787 1177 849 1196 breve.
859 1177 880 1197 Si
888 1180 954 1196 autem

157 1214 193 1233 pet
202 1207 260 1227 breve
270 1208 294 1227 de
304 1210 356 1227 recto
366 1210 389 1227 ut
399 1208 477 1232 quidam
488 1207 560 1230 dicunt,
570 1207 648 1227 videtur
658 1208 710 1233 quod
720 1214 759 1227 non
770 1207 837 1233 possit,
848 1207 901 1227 sive¹¹
912 1207 953 1232 ipse

199 1262 252 1282 ¹qnod
261 1264 304 1278 tenet
313 1262 359 1282 quad,
369 1262 403 1281 0A,
413 1262 447 1281 LA,
456 1263 494 1282 Mc,
503 1262 537 1281 oe,
546 1262 565 1278 v.
587 1262 652 1281 ¹⁴02,
662 1262 696 1278 οΒ.
717 1262 770 1281 ὀμ,
780 1263 819 1281 MA,
829 1262 867 1278 Ma.
888 1262 953 1281 Ηοιιι.,

157 1288 192 1307 on,
200 1288 239 1307 MA,
248 1288 285 1303 ΜΒ.
305 1287 405 1307 names-sua,
413 1287 448 1307 οΒ,
457 1288 495 1303 MA.
515 1287 521 1296 ⁷
527 1288 568 1307 qun,
577 1288 611 1307 0A,
621 1288 654 1307 LA,
663 1288 697 1307 oc,
706 1288 744 1307 Mc,
753 1288 791 1306 CM,
800 1288 819 1303 v.
839 1287 881 1307 *pro
890 1287 953 1303 delectu

157 1313 230 1333 homagii,
240 1313 279 1332 MG,
289 1313 309 1329 v,
330 1313 401 1333 ’pn-m,
411 1313 431 1332 v,
441 1313 476 1332 0A,
486 1313 519 1332 LA,
530 1313 563 1329 oe.
584 1312 646 1332 mquid,
656 1313 690 1332 0A,
701 1313 734 1331 LA,
744 1312 779 1331 oc,
789 1313 826 1328 Mc.
848 1313 908 1332 ηοω,
918 1312 954 1332 01³,

157 1338 196 1357 Ma,
203 1338 237 1358 cz,
245 1338 284 1357 Me,
291 1339 311 1354 Y.
330 1338 343 1347 ²¹
349 1338 393 1357 fflnd,
401 1339 421 1357 v,
429 1338 468 1358 Mo,
476 1339 513 1357 CM,
522 1338 560 1357 Ma,
567 1338 590 1356 v;
598 1338 631 1357 ωε,
639 1338 671 1354 oc⁴
691 1338 704 1346 ¹¹
710 1338 750 1357 On,
758 1338 793 1357 oa,
801 1338 839 1357 MA,
848 1338 885 1353 Ma.
905 1338 918 1347 ι·
924 1338 954 1353 ιω

156 1363 250 1384 hum-giam,
259 1364 294 1383 οΒ,
303 1364 342 1383 MA,
351 1364 388 1379 ΜΒ.
408 1363 459 1383 ¹⁸qui,
468 1364 502 1383 0A,
512 1364 546 1383 LA,
555 1364 578 1382 V;
587 1364 629 1383 quia,
638 1364 671 1379 oc.
692 1363 705 1372 ¹·
711 1368 735 1382 ex,
745 1363 780 1382 οΒ,
790 1363 828 1382 MA,
838 1364 876 1379 Mn.
896 1363 910 1372 ¹⁷
916 1364 954 1383 -m,

157 1389 192 1408 0A,
199 1389 234 1408 oc,
240 1389 274 1408 LA,
281 1389 320 1408 MA,
327 1389 366 1408 Ma,
373 1389 411 1408 Mc,
418 1389 438 1408 Y,
446 1389 482 1408 cm
489 1389 525 1408 nui,
532 1389 567 1408 oa,
574 1389 614 1408 ΜΕ,
621 1389 644 1407 ν;
652 1390 684 1404 nive
691 1389 730 1404 ὦ..
738 1390 774 1408 nm,
782 1389 818 1405 CM⁴
