1173 1660
352 153 382 168 DE
394 153 545 171 ADQUIRENDO
557 153 636 168 RERUM
648 153 749 169 DOMINIO
913 156 949 173 185

203 191 256 210 Item
265 197 301 216 per
308 197 357 216 quas
365 197 458 216 personas
467 191 582 216 adquiratur
590 191 689 216 possessio.

153 220 223 244 124813]
251 221 295 240 le
308 227 356 245 quas
369 227 461 246 personas
474 221 528 240 nobis
542 221 670 245 adquiratur¹¹
684 221 793 240 videndum.
808 221 837 240 Et
851 222 949 241 sciendum

153 251 205 275 quod
213 257 249 275 per
257 251 390 275 nosmetipsos,
400 253 419 270 et
428 257 464 275 per
472 250 541 270 liberos
550 252 570 269 et
579 257 614 275 per
624 257 688 270 servos
697 257 745 275 quos
755 251 790 270 sub
799 253 896 276 potestate
905 258 949 271 nos-

152 282 184 299 tra
190 280 288 302 habmus,
295 280 377 299 scienter
384 283 404 299 et
410 280 529 305 ignoranter,
537 281 584 300 dum
592 283 657 300 tamen
665 280 739 300 factum
747 287 814 300 eomm
822 284 842 300 et
849 281 949 306 negotium

152 309 279 329 neves-sarium
288 310 348 329 fuerit
357 312 377 329 et
385 310 521 335 approbatum.
531 310 571 329 Per
579 316 650 332 servos,
658 312 699 330 tam
708 310 750 330 illos
759 311 792 335 qui
801 313 846 330 sunt
855 311 876 330 in
884 314 948 336 potes-

152 342 193 359 tate
201 342 269 359 nostra
277 346 335 365 quam
344 342 400 359 extra
408 342 530 365 potestatem.
541 340 592 359 Item
602 342 642 359 tam
652 347 687 365 per
696 340 768 360 alienos
777 347 836 365 quam
845 341 894 365 per¹‘
903 348 948 366 pro-

152 369 210 395 prios,
220 369 267 389 dum
275 372 341 389 tamen
350 370 401 389 bona
409 370 448 389 fide
457 369 573 394 possessos.¹⁶
583 370 623 389 Per
632 370 721 394 proprios
732 370 850 395 adquirimus
859 371 892 395 qui
903 373 948 390 sunt

151 402 208 419 extra
215 402 337 424 potestatem,
345 399 379 419 sed
386 402 452 419 tamen
459 399 506 418 nihil
514 399 617 424 aoeipimus
626 402 730 424 antequam
738 406 819 424 oorpora
828 400 902 419 fuerint
910 400 947 420 dis-

152 429 254 449 rationata.
263 429 315 449 Item
322 436 357 455 per
365 429 434 449 liberos
442 429 566 454 adquirimus,
575 429 624 449 sieut
632 436 668 454 per
676 432 816 454 procuratores,
825 430 919 453 custodes,
928 433 948 450 et

151 461 255 482 curatores,
265 461 288 478 ut
297 459 313 478 si
322 459 399 478 nomine
409 462 475 478 nostro
485 459 573 484 stipulati
583 459 657 479 fuerint
667 462 807 484 procuratores,
818 460 848 479 vel
859 460 947 480 eumden

151 490 228 509 nomine
241 491 307 508 nostro
321 489 342 508 in
355 489 474 514 possessione
487 491 506 508 et
520 495 555 508 nos
569 489 715 514 recognoverint
729 490 754 508 ad
767 489 851 509 heredes.
868 490 947 513 <Dum

151 521 216 538 tamen
225 525 293 538 verum
301 519 391 538 heredem
401 519 532 543 propinquum
542 519 572 538 vel
582 519 740 543 propinquiorem
750 519 911 544 recognoverint‘·
922 520 947 539 ad

151 548 245 571 heredem,
256 548 289 567 et'⁷
299 555 338 568 non
348 548 413 568 ante.¹¹
423 548 453 567 Et
462 555 506 568 cum
516 548 570 568 heres
580 549 689 573 recognitus
700 549 765 571 fuerit,
777 549 807 568 vel
817 552 863 568 ante
873 550 946 569 venerit

151 580 170 597 et
180 578 291 603 homagium
301 578 374 601 fecerit,
385 580 404 597 et
415 578 506 597 obtulerit
516 578 594 598 domino
604 584 639 597 suo
650 578 743 603 quidquid
753 579 777 598 de
787 579 829 598 iure
839 579 904 598 facere
914 580 946 598 de-

151 607 216 630 beat?
227 608 272 632 quia
283 614 323 627 non
333 608 385 627 valet
396 610 499 633 antequam
511 608 538 627 ita
549 608 583 627 sit:
594 608 640 633 quia
651 608 686 627 etsi
697 615 754 628 verus
766 609 791 628 sit
802 609 862 631 heres,
874 610 947 634 poterit

150 638 276 657 hereditatem
285 644 378 657 recusare.
387 638 417 657 Et
424 638 476 657 unde
485 638 500 657 si
510 638 598 657 dominus
607 638 695 663 capitalis
704 639 724 657 in
733 638 802 657 seisina
811 639 877 661 fuerit,
886 639 947 658 donec

151 667 226 687 sciverit
236 667 278 692 quis
288 668 313 687 sit
322 668 382 690 heres,
391 668 422 687 vel
432 668 492 687 donec
502 667 556 686 heres
565 667 639 687 venerit
649 667 674 687 ad
684 668 748 692 ipsum
759 668 846 687 facturus
857 671 946 691 etoetera,

150 698 181 716 vel
191 697 229 716 alia
238 697 312 716 ratione
322 703 448 722 quacumque,
458 697 545 722 quamvis
554 697 606 716 dieat
617 698 668 722 quod
678 698 703 717 sit
714 698 734 716 in
744 698 813 717 seisina
823 698 859 717 sub
869 699 946 717 nomine

150 727 194 746 talis
202 727 282 749 heredis,
290 733 330 746 non
338 727 395 749 valet,
404 727 449 752 quis
457 733 492 752 per
500 727 535 746 hoc
544 733 583 746 non
591 727 628 746 erit
636 727 690 746 heres
699 728 719 746 in
728 727 802 746 seisina.
812 728 834 747 Si
842 734 888 747 vero
898 728 946 747 alius

150 763 208 782 quam
217 764 274 776 verus
283 757 337 776 heres
347 757 372 776 sit
381 757 401 776 in
410 757 484 779 seisina,
494 757 524 776 vel
533 763 590 776 verus
600 757 654 776 heres
664 759 684 776 et
694 757 741 776 alius
752 764 771 776 se
782 757 840 776 faeiat
850 757 945 780 heredem,

150 787 166 806 si
177 787 265 812 capitalis
276 787 365 806 dominus
376 787 487 811 homagium
499 793 568 811 capere
580 787 632 809 velit,
644 787 671 806 sie
682 787 744 806 illud'⁰
756 787 826 812 capiat,
839 787 892 806 salvo
905 787 946 806 iure

150 817 250 837 cuiuslibet
260 817 290 836 vel
299 817 343 836 talis
352 817 445 836 nominati
455 817 488 842 qui
498 823 518 836 se
527 816 600 836 taciat¹¹
610 816 705 836 heredem.
715 816 758 836 Et¹¹
768 817 834 836 eodem
845 818 902 837 modo
912 817 945 837 ad-

150 847 233 872 quiritur
242 847 300 866 surdo
309 849 328 866 et
337 849 391 866 muto
400 847 520 869 naturaliter,
529 847 573 866 licet
582 847 660 866 omnino
669 847 736 866 audire
745 854 784 866 non
793 850 875 872 possunt
884 854 946 872 neque

150 877 208 901 loqui,
220 877 245 896 ad
256 877 400 896 similitudmem
412 876 452 896 eius
464 877 496 901 qui
508 879 537 896 est
549 876 602 895 infra
614 878 696 899 aetatem,
708 877 753 901 quia
765 877 835 896 talibus
848 877 946 896 descendit

150 906 179 925 ius
189 913 263 926 merum
273 909 292 926 et
302 906 411 931 proprietas
421 906 470 925 sieut
481 906 567 929 aliis.>¹'
579 906 630 925 Item
641 913 676 931 per
686 908 827 931 procuratores,
838 913 882 926 cum
893 907 946 926 infra

149 939 225 956 aetatem
233 936 287 955 nobis
295 936 349 955 faeta
357 936 416 955 fuerit
425 936 503 955 donafio
512 938 531 955 et
540 936 622 955 donator
630 936 685 955 nobis
694 936 768 955 dederit
776 939 891 959 curatorem,
900 937 945 961 quia

149 966 212 985 minor
224 966 317 985 affectum
330 966 424 985 retinendi
436 966 506 985 habere
518 972 558 985 non
571 966 649 990 poterit,
662 972 701 985 non
713 966 776 990 magis
789 972 847 991 quam
860 966 945 986 furiosus

150 996 189 1015 sine
198 998 293 1018 curatore,
303 995 348 1020 quia
357 1002 396 1014 non
405 998 434 1015 est
444 995 496 1015 aJiud
505 995 529 1014 de
539 995 565 1015 eis
574 995 611 1015 nisi
620 995 645 1015 ad
655 995 798 1015 similitudinem
808 996 848 1015 eius
858 996 891 1021 qui
901 996 945 1015 dor-

149 1026 216 1045 mienti
228 1026 314 1051 pluviam
325 1026 346 1045 in
357 1032 437 1045 manum
450 1025 556 1050 proiecerit.
570 1025 599 1044 Et
612 1025 644 1050 qui
657 1025 743 1050 accipere
755 1026 811 1045 debet
824 1028 844 1045 et
857 1026 945 1048 retinere,

149 1058 226 1080 oportet
234 1056 286 1080 quod
293 1055 363 1074 habeat
372 1055 490 1074 intellectum
498 1054 616 1080 recipiendi⁸⁴
624 1055 657 1074 et¹¹
666 1055 766 1074 retinendi.
775 1055 827 1074 Item
836 1056 869 1080 qui
878 1062 945 1074 curare

149 1086 205 1105 debet
215 1087 235 1105 et
244 1086 351 1105 custodiam
360 1085 436 1107 habere,
446 1087 524 1109 oportet
533 1085 601 1104 eodem
610 1085 668 1104 modo
678 1085 730 1110 quod
740 1084 809 1104 habeat
820 1085 944 1107 intellectum,

149 1116 195 1141 quia
206 1116 222 1134 si
233 1116 327 1135 minorem
339 1115 369 1134 vel
382 1115 482 1137 furiosum,
494 1114 575 1134 liberum
588 1115 618 1133 vel
631 1121 707 1134 servum
719 1114 792 1134 miseris
805 1117 827 1134 ut
840 1115 944 1139 possideas,

149 1151 270 1170 nequaquam
282 1145 352 1164 videris
364 1151 400 1169 per
412 1151 444 1164 eos
456 1144 595 1169 possessionem
607 1144 756 1169 apprehendisse
768 1144 814 1169 quia
826 1144 945 1164 intellectum

149 1182 188 1195 non
198 1175 274 1194 habent.
286 1175 338 1194 Item
348 1175 371 1194 de
381 1174 446 1196 servis,
457 1180 492 1199 per
502 1173 592 1193 servum''
603 1174 654 1193 enim
664 1174 748 1193 alienum
758 1174 877 1199 adquirimus
887 1180 945 1199 quem

149 1205 200 1224 bona
211 1205 249 1224 fide
261 1204 386 1230 possidemus,
398 1204 443 1229 quia
455 1204 549 1223 eredimus
562 1203 630 1223 illum”
642 1206 730 1223 nostrum
742 1210 788 1226 esse,
801 1210 841 1223 non
852 1204 944 1223 habentes

149 1260 260 1280 ”adquirituin
270 1260 310 1278 MG,
320 1259 358 1278 CM,
368 1260 390 1277 Y3
401 1259 492 1279 adquiratur
502 1259 584 1278 possessio,
595 1258 614 1277 V,
624 1258 658 1277 OC,
669 1258 683 1274 Y
696 1258 767 1278 (a-itur).
789 1258 803 1267 '⁸
808 1259 849 1277 Oua„
859 1258 895 1278 01³,
906 1259 944 1277 MA,

149 1285 187 1304 ΜΒ,
198 1285 218 1304 Y,
228 1285 267 1300 ΜΟ,
289 1284 301 1293 ¹¹
307 1284 419 1304 possideamus,
429 1284 452 1302 V;
463 1283 564 1304 possidemus,
575 1284 615 1302 ΜΘ,
626 1284 666 1302 cm
677 1285 783 1303 possessionis,
794 1284 830 1302 Οὓς
842 1289 944 1304 possessores,

149 1311 185 1329 CE;
196 1315 281 1330 possessos,
292 1310 327 1328 OA,
339 1310 372 1329 LA,
384 1309 418 1328 ΟΒ,
431 1310 469 1328 ΜΔ,
480 1309 519 1328 MB,
530 1309 550 1324 Y.
573 1309 705 1329 ”recognoverit,
717 1310 750 1328 LA,
763 1309 796 1325 OC.
819 1309 852 1318 ¹⁷⁴⁸
858 1309 898 1328 0m.,
910 1310 943 1325 OC,

149 1335 229 1355 ”debest7
240 1335 260 1354 V,
272 1335 314 1353 MG;
326 1335 396 1354 debent,
408 1335 448 1353 CM;
460 1334 527 1353 debebit,
539 1335 576 1353 Ῐ-Δ;
588 1334 657 1353 deberet,
670 1335 703 1350 OC.
727 1334 794 1353 willam,
808 1335 841 1353 LA,
854 1335 893 1354 MG,
906 1335 943 1351 CM.

148 1360 161 1369 ⁸¹
168 1361 212 1379 fucit,
221 1360 241 1380 V,
251 1360 287 1378 οος
298 1360 335 1378 fae„
345 1360 383 1375 Μο.
404 1359 436 1368 ··-··
442 1360 483 1378 em„
493 1360 525 1375 LA.
546 1359 560 1368 ¹·
565 1359 667 1379 percipiendi,
677 1360 697 1379 v,
707 1360 746 1379 uo,
757 1360 793 1375 CM.
815 1360 895 1379 ·÷·‘0m.‚
905 1361 943 1376 ΜΒ.

148 1385 246 1404 umatum,
254 1385 293 1404 MG,
301 1385 338 1400 cu.
357 1384 431 1404 stipam,
439 1385 474 1404 oa,
483 1385 521 1404 MA,
528 1385 566 1404 ΜΒ,
574 1385 608 1404 cn,
616 1385 639 1404 Y;
647 1385 712 1404 nulium,
720 1386 757 1401 cu.
