1173 1660
203 163 241 182 270
470 161 581 177 BBACTON:
593 162 623 177 DE
635 162 731 178 LEGIBUS

204 199 249 218 dnn
261 201 325 218 cast-ro
337 200 357 219 in
369 199 472 222 Hibernia,
484 199 517 219 ubi
529 200 625 219 comitissa
638 200 706 219 dotata
718 199 757 219 tuit
770 200 794 219 de
806 202 848 219 toto
861 200 947 219 manerio
959 200 1000 220 sine

203 228 269 253 aliqua
280 229 398 254 exceptione,
411 229 463 254 quod
475 229 514 249 fuit
526 231 586 254 caput
598 229 686 249 baronia.
700 229 777 249 Poterit
789 229 861 249 etiam··
873 236 924 249 uxor
936 230 1000 249 δοιαὶ

203 258 318 278 nominatim
326 258 362 278 sub
370 258 480 278 condicione
489 259 520 278 vel
529 259 574 278 sine.
585 259 652 281 Sine‚”
661 262 684 279 ut
693 259 708 279 si
718 259 770 278 dicat
778 259 808 278 vir
817 259 873 278 uxori
883 259 934 284 quod
944 260 1000 279 dotat

203 295 246 307 eam
255 288 280 307 de
289 288 323 308 tali
333 289 418 307 manerio
427 295 471 308 cum
481 288 608 313 pertinentiis.
618 289 664 311 Quo
673 295 725 311 casu,
735 289 750 308 si
760 288 841 308 sufficiat
852 289 878 308 ad
888 289 953 308 dotem
963 296 1000 314 pro

203 318 261 337 tertia
269 320 326 343 parte
334 318 394 337 totius
402 318 513 338 hereditatis
521 318 557 337 viri
567 318 602 341 sui,
610 320 676 338 tenere
685 325 705 338 se
714 318 771 338 debet
779 321 896 341 contentam,
905 321 925 338 et
933 325 999 338 omnes

203 347 324 372 pertinentiae
333 348 359 367 ad
368 347 430 372 ipsam
439 348 537 372 pertinent
546 348 566 367 iu
575 348 732 367 advocationibus
742 351 761 367 et
770 348 903 368 collationibus
913 348 999 368 ecclesia-

204 384 253 399 rum,
261 377 281 396 in
288 377 399 397 custodibus
406 380 426 397 et
434 377 508 397 releviis
516 380 535 397 ct
543 378 650 402 maritagiis
658 380 678 397 et
685 378 774 397 omnibus
782 378 824 397 aliis
832 378 895 400 rebus,
903 384 947 397 cum
955 378 1000 397 inde

203 407 250 426 nihil
262 407 370 432 specialiter
380 407 494 432 excipiatur.
506 407 612 432 Excipitur
624 407 739 432 quandoque
750 408 883 432 multipliciter
895 408 1000 427 secundum

204 437 256 461 quod
267 437 348 456 inferius
361 437 440 456 dicetur.
454 437 475 456 Si
488 439 553 456 autem
564 437 591 456 ibi
603 437 666 457 minus
679 437 752 456 fuerit'¹
765 444 824 462 quam
836 437 901 462 qums·
914 437 1000 457 sufficere

204 467 265 491 possit
272 466 298 485 ad
304 467 376 489 dotem,
383 469 402 486 et
410 467 430 486 in
436 467 573 486 constitutione
580 467 631 486 dotis
638 473 658 486 se
665 467 749 486 tenuerit
757 470 873 489 contentam,
881 468 926 492 plus
934 470 1000 492 petere

204 503 243 516 non
251 497 323 521 poterit
331 496 351 515 in
359 496 493 521 assignatione.
504 496 525 515 Si
534 499 599 516 nutem
607 497 658 521 plus,
666 497 787 521 superfluum
794 497 870 516 tollitur
878 503 913 522 per
922 497 999 516 admen-

204 526 327 548 suntiouem,
337 528 357 545 et
367 528 449 551 uterque
458 526 527 545 modus
537 526 581 545 duci
592 526 663 551 poterit
674 526 694 545 in
704 526 839 546 condicionem.
852 527 882 546 Ut
893 527 908 546 si
919 527 962 551 quis
972 527 1000 546 ita

204 555 299 575 dotaverit
309 562 390 575 uxorem
400 562 455 575 suam
465 556 489 575 de
500 555 564 580 aliquo
574 555 658 575 scilice&
669 556 754 575 manerio
765 556 860 581 integre,¹¹
871 558 891 575 et
902 556 928 575 sie
939 556 999 576 dieatz

204 588 224 604 et
232 585 248 605 si
257 585 304 605 illud
314 585 395 605 sufficiat
404 592 441 610 pro
450 585 500 607 dote,
510 585 537 604 sic
546 586 563 604 ei
573 588 672 604 remaneat
680 585 769 610 integi-&⁶
779 588 798 605 et
808 586 848 605 sine
857 586 1000 605 contentione.‘⁰

205 615 226 634 Si
236 617 301 634 autem
311 615 336 634 ibi
345 615 409 634 minus
419 615 484 637 fuerit,
494 615 514 634 id
524 615 575 640 quod
585 615 670 635 defuerit
680 615 791 640 perficiatur
801 616 818 634 ei
828 616 848 634 in
859 615 937 640 aliquo‘¹
947 618 1000 635 oei-to

204 647 223 664 et
231 645 348 669 competenti
357 645 404 664 loco.
414 645 436 664 Si
444 647 509 664 autem
518 644 562 669 plus
571 645 597 664 ibi
606 645 671 667 fuerit,
681 645 734 664 facta
742 645 853 665 extensione
861 648 882 665 et
891 645 1000 665 rationabili

204 674 346 699 appretiatione
354 674 406 699 quod
415 674 463 693 illud
472 674 593 699 superfluum
602 674 716 694 restituatur
725 675 795 694 heredi.
805 675 834 694 Et
844 681 865 694 re
874 681 921 694 vera
929 675 1000 700 qualis-

204 710 285 729 cumque
293 704 353 723 fuerit
360 704 411 723 dotis
418 704 535 726 constitutio,
544 710 620 729 semper
627 704 663 723 erit
671 704 740 723 modus
747 704 890 724 constitutionis
898 704 999 724 observan-

204 734 240 753 dus
249 736 269 753 et
278 734 391 758 sequendus,
401 734 448 753 dum
457 736 522 753 tamen
531 734 618 758 legitima
627 734 652 753 sit
661 734 773 753 constitutio
782 736 802 753 et
812 740 850 753 non
859 736 928 753 contra
937 734 1000 759 legem

203 766 265 783 terrm.
274 764 304 783 Et
312 770 356 783 cum
364 770 414 783 uxor
423 763 449 783 sic
458 764 526 783 dotata
534 763 594 783 fuerit
602 763 716 783 nominatim
725 763 749 782 de
758 770 878 788 quacumque
887 766 940 783 certa
949 770 970 783 re
979 764 1000 783 in

203 793 246 818 ipsa
254 793 390 812 constitutione
398 793 455 815 dotis,
464 793 530 812 statim
538 793 605 818 incipit
613 793 683 812 habere
691 793 720 812 ius
729 793 750 812 in
758 793 814 818 ipsa‘²
823 800 843 813 re
852 793 956 813 nominata.
966 794 1000 813 It·

203 823 255 848 quod
263 823 278 842 si
285 823 315 842 vir
322 829 365 842 eam
371 825 471 842 constante
479 822 602 842 matrimonio
610 829 634 842 ex
642 829 762 847 quacumque
769 829 828 842 causa
836 823 861 842 ad
870 823 929 842 alium
936 825 999 842 trans—

203 853 275 875 tulerit,
284 859 334 872 uxor
342 855 387 878 post
395 855 477 872 mortem
485 852 521 872 viri
530 852 607 872 habebit
616 859 682 872 versus
690 859 829 878 quemcumque
838 855 936 872 tenentem
945 859 999 878 repe-

203 882 218 901 f.
225 883 260 906 ⁹4]
288 882 381 901 titionem.
391 882 420 901 Et
428 888 472 901 cum
481 888 516 907 per
524 882 618 901 actionem
627 882 651 901 de
660 882 705 901 dote
713 882 797 907 petierit,
806 885 826 902 et
833 885 901 902 tenens
910 883 999 902 heredem

203 912 300 931 vocaverit
313 912 338 931 ad
351 914 460 931 warantum
472 911 498 931 et¹
511 912 553 937 ipse
565 911 725 934 warantizaverit,
738 918 789 931 uxor
801 912 923 937 recuperabit
937 912 999 937 ipsam

203 948 250 964 rem,
258 944 278 961 et
286 944 353 961 tenens
361 942 385 961 de
393 944 480 961 waranto
488 947 523 960 suo
531 941 651 960 excambium
660 941 685 960 ad
693 941 803 963 valentiam,
812 941 864 966 quod
873 941 950 966 quidem
959 948 999 961 esse

203 978 243 991 non
251 972 308 991 debet
317 972 332 990 si
341 972 409 991 dotata
417 971 477 990 fuerit
485 971 510 990 de
518 978 539 990 re
548 971 626 993 incerta,
636 971 685 990 sicut
693 971 717 990 de
726 971 784 990 tertia
793 973 849 996 parte
858 977 923 990 rerum
932 971 999 996 adqui-

203 1001 307 1020 rendarum
315 1001 345 1020 vel
352 1000 497 1025 adquisitu-um.
506 1000 546 1020 Sed
552 1007 562 1020 e
569 1000 672 1023 contrario,
680 1000 751 1020 seilicet
758 1001 774 1020 si
781 1007 811 1020 res
819 1001 879 1020 luerit
887 1007 898 1020 a
905 1001 947 1020 vim
955 1001 999 1020 alie-

203 1033 250 1050 nata
259 1033 360 1050 constante
369 1030 492 1050 matrimonio
502 1033 522 1049 et
532 1030 575 1055 ipsa
584 1032 640 1055 petat
650 1030 728 1049 tertiam
738 1032 814 1055 pnrtem
825 1037 891 1050 versus
902 1033 1000 1050 tenentem

203 1067 247 1080 cum
254 1060 308 1079 heres
316 1060 475 1082 warantizaverst,
483 1062 551 1079 tenens
559 1060 649 1079 retinebit
657 1060 677 1079 id
684 1060 736 1085 quod
744 1062 803 1082 tenet,
812 1062 832 1079 et
840 1066 890 1079 uxor
898 1066 999 1085 recupera-

203 1090 232 1109 bit
241 1090 266 1109 ad
275 1090 379 1109 valentiam
388 1090 411 1109 de
420 1090 489 1109 herede
498 1089 513 1109 si
522 1089 577 1109 heres
586 1089 656 1109 habent
665 1089 722 1108 unde.
733 1089 754 1109 Si
764 1091 829 1109 autem
839 1096 884 1112 non,
894 1090 937 1114 ipsa
946 1096 999 1109 recu-

204 1120 279 1145 perabit
287 1120 339 1145 quod
347 1120 402 1145 petit,
410 1122 430 1139 et
437 1122 505 1139 tenens
513 1120 537 1139 de
545 1119 643 1139 excambio
651 1122 741 1145 expectet
749 1122 838 1144 tempora
845 1119 926 1139 meliora
933 1126 999 1139 versus

203 1150 298 1172 heredem,
308 1150 368 1169 donee
378 1150 403 1169 ad
412 1150 476 1175 ipsum
486 1150 558 1174 aliquid
568 1150 677 1175 pervenerit
687 1150 711 1169 de
720 1150 834 1169 hereditate:
845 1152 864 1169 et
875 1150 890 1169 si
901 1150 925 1169 ad
935 1150 1000 1174 ipsum

204 1180 276 1205 aliquid
287 1180 402 1205 pervenerit,
414 1182 461 1199 tunc
472 1180 542 1199 habeat
553 1186 603 1199 uxor
615 1180 639 1199 de
650 1180 757 1199 hereditate
768 1180 888 1199 excambium
900 1181 920 1199 et
932 1182 999 1199 tenens

203 1209 294 1229 rehabeat
300 1212 432 1229 tenementum
439 1216 501 1229 suum
510 1209 531 1229 si
538 1212 604 1229 autem
610 1210 657 1229 nihil
664 1210 688 1229 de
695 1210 801 1229 hereditate
808 1209 828 1229 in
835 1209 875 1229 vita
882 1209 948 1229 uxoris
956 1215 999 1234 per-

203 1239 277 1259 venerit
289 1240 314 1258 ad
326 1239 420 1262 heredem,
432 1242 479 1259 tunc
490 1239 596 1259 remaneat'
608 1242 660 1259 terra
672 1240 705 1259 illa
717 1239 734 1259 ei
746 1239 771 1258 ad
784 1239 843 1259 vitam
856 1246 910 1259 suam
923 1239 999 1258 nomine

203 1294 216 1302 ''
222 1295 268 1313 enim,
277 1294 316 1313 MG,
325 1294 362 1309 CM.
382 1294 396 1303 ⁸⁴
401 1294 442 1313 On,
451 1294 470 1313 V,
480 1294 513 1313 ΟΕ,
523 1294 556 1312 OC,
566 1294 604 1313 MA,
614 1294 653 1312 MG,
662 1294 699 1309 CM.
719 1293 779 1312 “0m.‚
788 1294 822 1313 OB,
833 1293 871 1312 MA,
881 1293 918 1308 ΜΒ.
939 1292 952 1302 ¹‘
958 1293 999 1312 Om,

203 1319 237 1338 GE,
249 1319 287 1335 MG.
310 1319 370 1338 ”qu
381 1319 403 1337 V;
415 1320 437 1334 ita
449 1319 508 1335 scilieet
520 1319 539 1334 de
551 1319 609 1339 aliquo,
621 1319 655 1335 OA.
679 1318 691 1327 '¹
697 1320 764 1339 integro,
776 1319 811 1338 ΟΒ,
823 1319 862 1338 ΜΒ,
874 1319 913 1338 MG,
926 1319 946 1337 Y,
958 1319 998 1337 CM;

205 1344 234 1364 (—-
239 1345 305 1364 integre,
313 1344 360 1363 MA).
379 1344 392 1353 ’²
398 1345 464 1364 integra,
472 1344 511 1363 ΜΘ,
518 1344 555 1359 cM.
573 1344 587 1353 ⁴⁰
592 1344 686 1363 condicione,
693 1344 728 1363 ΟΒ,
736 1344 774 1363 MA,
781 1344 820 1363 ME,
828 1344 869 1362 MG;
877 1344 999 1360 matr-dictione

203 1371 219 1385 et
225 1370 329 1388 contentione,
336 1369 373 1385 cM.
392 1369 404 1378 ¹¹
410 1369 447 1388 alio,
455 1369 489 1388 OA,
497 1369 531 1388 LA,
538 1369 575 1385 MC.
594 1369 607 1378 ¹¹
613 1369 653 1388 οη,
661 1369 680 1388 V,
687 1369 722 1389 ΟΔ,
731 1370 764 1389 LA,
771 1370 805 1389 OC,
813 1370 850 1385 MC.

245 1394 297 1414 ¹0m,
307 1394 341 1413 ΟΛ,
351 1394 385 1413 LA,
395 1394 428 1413 OC,
439 1394 475 1410 MC.
496 1394 598 1414 'rem-nebit,
607 1395 643 1414 ΟΒ,
652 1395 690 1414 ΜΔ,
701 1395 739 1410 ΜΒ.
