1173 1660
352 170 383 185 DE
394 169 546 188 ADQmRENDo
557 170 637 185 RERUM
648 170 749 186 DOMINIO
914 172 951 190 198

154 213 220 226 rorum
229 207 317 227 seisinsm
326 207 478 232 recuperaverit!
486 208 533 227 Non
542 210 623 233 propter
632 208 668 227 hoc
676 208 712 227 erit
721 207 751 227 ei¹⁰
760 208 829 227 seisina
838 208 950 230 auferenda,

154 237 188 256 sod
196 236 214 256 ei
223 239 243 256 et
250 237 351 256 heredibus
360 237 399 257 suis
408 237 551 262 imperpetuum
560 237 686 257 remanebit-¹¹
695 237 725 257 Et
733 238 774 257 vioe
782 244 838 256 versa
847 237 862 257 si
872 244 916 257 cum
926 237 950 257 ab

154 266 209 285 initio
220 269 323 286 antenatus
334 273 404 291 pueros
415 267 504 286 habuerit
514 269 534 286 et
546 274 604 292 agere
615 267 727 292 inceperint,
739 269 759 286 et
770 267 867 292 pendente
879 267 951 292 placito

154 302 195 315 esse
202 296 299 318 desierint,
306 299 377 315 extunc
385 296 450 316 statim
458 296 536 321 incipiet
544 297 594 316 actio
603 297 623 316 in
630 303 713 322 persona
721 297 788 316 fratris
796 297 859 319 medii,
869 297 917 316 sieut
926 297 951 316 ab

154 326 209 345 initio
218 326 234 345 si
243 326 299 351 pueri
308 332 348 345 non
358 328 453 348 extarent,
463 328 483 345 et
493 326 544 345 idem
553 326 583 345 ius
593 326 645 351 quod
655 326 748 351 competit
758 326 816 345 fratri
826 326 889 346 medio
900 333 950 346 com-

154 356 204 380 petit
213 355 314 375 heredibus
323 356 362 375 suis
372 356 393 375 in
401 356 504 375 infinitum
515 356 567 375 Item
576 358 617 375 esto
628 356 679 380 quod
689 356 751 375 frater
761 356 835 375 medius
845 362 889 375 oum
899 356 950 375 seisi—

154 391 200 404 uam
207 385 318 410 adquisierit
326 385 367 404 sine
374 385 443 404 herede
451 385 475 404 de
482 392 502 405 se
510 385 610 408 moriatur,
618 385 680 405 adhuc
688 385 736 405 illud
744 385 796 405 idem
803 385 840 405 erit
848 386 950 405 dicendum

154 415 178 434 de
186 415 247 434 fratre
254 415 318 434 medio
325 415 377 440 quod
384 415 457 434 dietum
465 417 494 434 est
501 415 525 434 de
532 417 630 440 postnato,
638 414 709 435 seilicet
717 415 769 440 quod
777 415 839 434 frater
847 417 950 435 antenatus

154 447 183 464 est
193 444 233 464 eius
242 445 297 464 heres
307 445 439 470 propinquior.
451 445 491 464 Sed
501 445 547 470 quid
558 445 574 464 si
584 445 655 464 fratres
666 445 706 464 sine
716 445 785 464 herede
796 445 916 467 decesserint,
927 447 950 464 ut

153 475 268 500 praedictum
278 477 313 497 est,
324 481 359 493 nec
369 476 472 494 antenatus
482 474 551 494 liberos
562 474 661 493 habuerit?
672 475 729 494 Tunc
740 475 821 494 vocandi
831 477 877 494 sunt
888 481 950 494 remo-

154 504 218 524 tiores.
227 504 256 524 Et
264 504 310 529 quid
319 504 334 523 si
342 504 390 523 nulli
398 504 476 523 omnino
484 504 611 529 apparuerint
619 504 698 523 heredes
706 504 740 529 qui
748 504 827 529 petant?
837 504 869 523 Sic
878 504 950 529 poterit

154 534 224 553 seisina
231 540 330 553 remanere
338 540 383 553 eum
392 535 484 553 ante-nato
492 540 532 553 non
541 533 630 553 obstante
638 533 734 558 homagio,
743 534 789 558 quia
797 534 842 553 licet
851 534 901 553 actio
911 540 950 553 non

154 563 231 583 deficiat
239 570 301 588 neque
309 563 344 585 ius,
354 563 418 582 deficit
427 565 493 582 tamen
501 563 591 588 probatio
599 569 643 582 cum
652 569 691 582 non
700 563 725 582 sit
734 563 767 588 qui
776 565 837 588 petat.
848 563 899 583 Item
908 566 950 583 esto

154 593 205 618 quod
217 593 279 612 frater
288 593 363 612 medius
374 592 442 612 feeerit
452 592 579 618 perquisitum
590 595 610 612 et
620 593 715 612 moriatur
725 593 766 612 sine
777 592 846 612 herede
857 593 881 612 de
893 599 918 615 se,
930 595 950 612 et

153 622 241 647 capitalis
253 622 342 642 dominus
354 622 384 641 vel
396 624 500 641 extraneus
512 629 532 641 se
544 622 631 647 posuerit
643 622 663 641 in
676 622 770 644 seisinam,
783 622 845 641 adhue
857 623 950 647 competit

154 652 213 671 assisa
224 652 291 671 mortis
304 652 428 671 antecessoris
441 652 499 671 tratri
511 654 604 671 animato
616 658 655 671 non
668 652 756 671 obstante
769 652 864 676 homagio,
878 654 898 671 et
910 658 950 671 non

153 681 211 701 fratri
220 684 317 706 postnato.
325 682 355 701 Et
363 688 406 700 cum
415 688 451 706 per
459 681 538 701 assisam
546 681 667 706 recuperavit
675 683 785 704 antenatus,
794 684 865 701 extunc
874 688 949 706 compe-

152 711 178 730 tit
187 710 237 730 actio
245 717 282 736 per
290 711 348 730 brevo
357 711 381 730 de
390 713 448 733 recto,
457 711 488 730 vel
497 711 563 735 pueris
573 711 673 730 antenati¹¹
682 711 713 730 vel
723 711 780 730 fratri
790 713 882 736 postnato
892 711 949 730 modo

153 747 192 765 quo
204 741 318 765 predictum
330 743 365 760 est.
378 741 408 760 Et
420 747 460 759 non
472 743 494 760 ut
506 747 531 759 ex
543 740 578 760 tali
592 740 663 765 placito
676 740 806 765 procedatnr¹¹
819 740 845 759 ad
857 747 949 765 magnam

153 770 232 789 assisam
240 771 271 789 vel
278 770 370 793 duellum,
379 770 412 790 sed
420 770 472 795 quod
480 770 515 789 fiat
523 770 674 795 propinquitatis
683 773 702 790 et
711 770 815 795 parentele
824 770 948 795 oomputatio.

154 801 193 820 Sed
203 800 249 825 quid
259 800 275 819 si
284 802 387 825 postnatus
398 800 460 819 frater
469 800 553 825 primam
563 800 651 819 habuerit
661 800 750 819 seisinam
760 800 860 825 pacificam
871 802 891 819 et
901 802 948 819 tem-

153 837 196 855 pus,
204 830 255 855 quod
263 830 304 849 sine
311 830 364 849 brevi
372 832 392 849 et
399 830 468 849 iudicio
476 830 510 849 eici
518 836 557 849 non
564 829 636 855 possit?
643 829 724 849 Extunc
732 829 825 855 competit
833 829 883 849 actio
891 829 949 849 fratri

153 862 245 879 antenato
256 860 300 879 veP‘
311 859 351 879 eius
362 859 463 879 heredibus
474 860 489 879 si
501 860 542 884 ipse
554 859 694 884 praemoriatur,
705 866 740 884 per
752 859 809 878 breve
821 859 845 878 de
856 862 914 881 recto,
926 861 949 878 ut

153 890 207 909 facta
213 889 357 914 computatione
366 889 437 908 sciatur
445 889 487 914 quis
495 895 561 908 eorum
570 889 595 908 sit
602 889 656 908 heres
665 889 797 914 propinquior.
806 889 852 911 Quo
860 889 949 914 probato,

153 925 192 938 non
202 919 239 938 erit
249 921 352 944 postnatus
362 921 385 938 nt
396 918 473 938 videtur
483 918 593 938 eiciendus¹‘
604 925 639 943 per
650 918 747 941 iudicium,
758 918 804 943 quia
815 918 831 938 si
841 918 949 938 eonstiterit

153 949 205 974 quod
213 949 275 968 trater
283 950 386 968 antenatus
395 948 419 967 sit
427 948 481 967 heres
489 948 621 973 propinquior,
630 950 696 967 tamen
704 948 763 973 quia¹‘
771 948 882 973 homagium
890 948 949 967 inter-

153 978 246 1000 venerit,”
257 978 381 997 iudicandum
392 977 429 997 erit
440 978 460 996 in
471 978 538 997 eodem
549 977 619 996 iudicio
630 978 681 1002 quod
693 980 795 1002 postnatus
807 977 827 996 in
839 978 908 997 seisina
919 984 948 997 re-

152 1010 236 1030 maneat,
242 1014 286 1026 cum
293 1007 362 1027 seisina
368 1013 412 1026 eum
420 1009 512 1026 antenato
519 1013 558 1026 non
565 1007 626 1032 possit
634 1009 715 1032 propter
722 1007 833 1031 homagium
841 1013 948 1026 remanere:

153 1043 188 1056 nec
199 1037 237 1056 alis.
247 1037 322 1056 actione
333 1043 382 1062 opus
393 1037 430 1056 erit
441 1043 477 1061 per
488 1036 545 1056 breve
556 1036 580 1056 de
592 1039 650 1059 rectu,
662 1036 714 1061 quod
726 1042 785 1061 super
795 1036 863 1056 eodem
875 1037 917 1056 iure
929 1039 949 1056 et

152 1067 203 1086 inter
211 1067 287 1086 easdem
295 1073 388 1091 personas
395 1066 460 1085 veniat
469 1066 518 1085 aetio
527 1072 586 1091 super
594 1066 694 1088 actionem,
703 1072 742 1085 non
750 1066 813 1091 magis
822 1072 880 1090 quam
890 1066 949 1085 assisa

153 1102 211 1121 super
221 1096 305 1115 assisam.
317 1096 355 1115 Sed
365 1102 409 1115 eum
419 1096 481 1115 frater
491 1097 594 1115 antenatus
604 1095 628 1114 ab
638 1095 692 1114 initio
703 1095 785 1115 fratrem
796 1097 909 1120 postnatum
919 1102 948 1114 re-

152 1128 218 1145 center
223 1126 283 1145 eioere
289 1125 347 1145 vellet
352 1132 392 1144 non
398 1124 483 1150 posset,¹⁸
488 1128 509 1144 et
515 1125 581 1144 statim
587 1125 623 1144 sibi
629 1125 763 1150 perquireret¹'
769 1131 805 1149 per
812 1125 891 1144 assisam
897 1131 948 1144 mor-

152 1156 177 1175 tis
187 1155 318 1177 anteeessoris,
328 1158 432 1180 autequam
442 1157 545 1180 postmtus
555 1154 636 1174 liberum
647 1157 779 1174 tenementum
789 1154 859 1173 habere
869 1154 948 1179 posset¹²

152 1191 176 1204 ex
185 1187 278 1210 tempore,
286 1184 302 1204 si
311 1191 347 1209 per
355 1184 434 1204 assisam
442 1184 537 1204 obtineret
546 1186 649 1203 antenatus
658 1184 678 1203 in
687 1184 728 1203 iure
737 1184 853 1209 possessorio
862 1186 882 1203 et
890 1190 948 1203 causa

152 1214 282 1240 possessionis,
292 1214 414 1233 nihilominus
424 1214 477 1239 sequi
486 1216 551 1239 posset
561 1214 611 1233 actio
620 1214 640 1233 in
650 1219 732 1238 persona
742 1214 829 1239 postnati
839 1220 897 1239 super
907 1214 948 1233 iure

153 1244 223 1267 t.66b]
251 1244 382 1269 proprietatis,
395 1243 431 1262 nisi
445 1243 470 1263 sit
483 1243 515 1268 qui
529 1243 580 1262 dicat
594 1243 659 1268 quod‘¹
673 1245 741 1262 eontra
754 1243 833 1262 assisam
846 1246 867 1262 et
880 1246 948 1262 contra

152 1287 212 1306 1·οιιι,,
224 1287 244 1306 v,
256 1287 290 1306 01³,
303 1287 342 1306 MA,
355 1287 393 1306 ΜΒ,
406 1287 442 1302 Mc.
466 1286 587 1306 ”persumme
600 1286 634 1305 oa,
648 1286 686 1305 MA,
699 1286 736 1302 ua.
761 1286 863 1305 umnam,
876 1286 896 1305 v,
909 1286 948 1305 ΜΒ,

152 1313 189 1328 CM.
213 1312 226 1321 ¹¹
232 1313 272 1331 Oui„
285 1312 320 1331 013,
333 1312 371 1331 ΜΒ,
384 1312 418 1331 CE,
430 1312 451 1331 Y,
463 1312 501 1331 CM,
514 1312 553 1331 MG,
566 1312 600 1327 MA
615 1312 642 1331 (4-
649 1311 749 1331 procedant).
774 1311 814 1331 net,
827 1311 847 1330 V,
861 1311 896 1330 01³,
909 1312 948 1331 MA,

152 1338 191 1357 ΜΒ,
204 1338 225 1357 r,
239 1338 278 1356 MG,
292 1338 329 1353 cM.
354 1337 414 1356 ιιὀιιι.1
428 1337 475 1353 Mss.
490 1342 533 1357 gem
548 1338 575 1355 ῆι,
590 1337 627 1355 0A;
644 1337 672 1357 (÷
678 1338 741 1356 cimus,
755 1337 803 1357 MA).
829 1337 895 1357 ¹·quod,
909 1337 948 1357 MA,

153 1363 193 1381 um
205 1365 221 1378 a
233 1363 279 1382 quod,
290 1363 324 1378 oa.
347 1362 360 1371 ¹⁷
366 1364 454 1381 intervenit,
466 1363 499 1382 LA,
512 1362 545 1378 ca.
568 1362 642 1382 upum,
654 1363 674 1381 v,
686 1362 721 1382 01³,
734 1363 771 1378 ΜΒ.
794 1362 808 1371 ¹·
814 1364 898 1382 perquam,
911 1363 947 1381 cm

152 1389 238 1407 perquirat,
249 1388 289 1407 ΜΕ,
299 1388 321 1407 Y,
332 1388 373 1406 can
384 1388 478 1408 adquireret,
490 1388 527 1406 σος
538 1388 615 1407 adquiret,
627 1387 661 1407 oa,
674 1388 712 1407 MA,
724 1388 765 1406 M1³;
777 1388 805 1406 ⁸1¹0,
817 1388 852 1407 oA,
864 1388 898 1407 LA,
910 1388 947 1403 nc.

152 1413 165 1422 ⁸¹¹
171 1414 235 1433 poterit,
243 1414 262 1432 V,
270 1413 305 1432 01³,
313 1413 351 1432 MA,
358 1413 396 1429 ΜΒ,
414 1413 427 1422 ⁸¹
434 1413 474 1432 Οιιι.1
481 1413 516 1431 013,
524 1413 562 1432 MA,
570 1413 608 1428 ΜΒ.
