1173 1660
147 414 172 433 ss

147 503 172 611 fiee&

146 711 170 730 Η

463 168 630 184 KALENDARIUM
933 170 944 186 5

230 206 263 225 De
271 213 308 225 usu
316 206 479 225 vestimentorum.

230 236 263 255 De
276 235 394 260 adquirendo
408 242 472 255 rerum
486 236 569 255 dominio
583 242 608 255 ex
621 241 679 254 eausa
693 235 815 254 successionis
828 237 849 254 et
862 235 945 260 qualiter

279 266 358 285 heredes
368 266 473 284 succedunt
482 265 601 290 parentibus.

193 297 217 314 68
230 295 280 318 Quis
289 295 325 314 dici
334 295 402 314 debent
411 295 464 314 heres
473 295 575 320 legitimus.

230 325 320 347 Qualiter
327 325 422 349 illegitimi
429 325 567 349 legitimnum.

229 355 262 374 De
274 354 456 380 proesumptionibus
468 354 520 379 quod
532 357 601 379 partus
613 354 682 373 debent
694 360 735 373 esse
747 354 844 379 legitimus
857 360 879 373 eo
892 354 944 379 quod

280 384 365 403 nascitur
374 391 398 403 ex
408 390 473 403 uxore.

192 416 216 433 Μ
229 413 262 433 De
271 414 381 433 differentis
389 420 500 439 puerorum.

228 443 261 462 De
276 443 369 468 qualitate
383 443 481 465 heredum,
496 443 529 468 qui
544 443 654 468 propinqui,
669 443 702 468 qui
716 443 870 468 propinquiores,
885 445 905 462 et
919 443 944 462 de

279 479 345 492 eorum
355 473 429 492 seisins.

191 505 216 522 65
230 503 284 525 Quid
292 503 352 522 faeiat
359 502 449 522 heredem
457 502 620 527 propinquiorem.

192 534 216 551 66
230 532 282 551 Item
290 532 437 557 propinquiores
444 532 522 551 heredes
530 538 571 551 esse
579 534 661 557 possunt
668 532 734 557 plures
743 532 792 551 sicut
800 538 856 551 unus.

191 564 216 582 67
229 562 262 581 De
270 562 362 587 gradibus
371 561 493 581 successionis
502 564 522 581 et
531 561 641 586 psrenteloe.

191 594 216 611 08
228 591 261 611 De
271 592 357 616 personis
367 598 433 610 eorum
444 591 476 616 qui
486 591 527 610 aliis
538 591 638 610 succedere
649 591 719 610 debent
729 593 748 610 et
759 591 783 610 de
792 591 859 610 ordine
870 597 942 610 sueces-

279 627 359 640 smnum.

228 651 261 670 De
271 650 372 670 heredibus
384 651 417 675 qui
428 651 533 669 succedunt
544 656 584 669 non
596 657 620 669 ex
632 650 749 670 successione
760 651 794 669 sed
806 650 943 670 substitutione

278 686 313 705 per
321 680 400 699 modum
408 680 522 699 donationis.

190 713 215 730 69
228 711 260 730 De
270 713 329 736 partu
339 710 446 735 supposito,
455 712 475 729 et
485 716 528 729 eum
538 716 588 729 uxor
598 716 618 729 se
628 710 695 729 feeerit
705 712 838 735 praegnnntem
848 716 893 729 eum
903 717 942 729 non

278 740 309 762 sit,
318 740 343 759 nd
351 739 517 759 exheredationem
525 739 566 758 veri
574 739 654 759 heredis.

227 770 291 789 Breve
298 770 322 789 de
330 770 413 789 videnda
420 769 499 788 muliere
507 772 529 788 ut
537 769 609 788 sciatur
617 771 683 788 utrum
692 776 794 794 praegnans
803 770 828 788 sit
836 769 867 789 vel
875 776 920 789 non.

226 799 290 818 Breve
299 799 440 818 constabulario
449 799 500 824 quod
509 799 589 824 recipiat
598 805 640 818 eam
649 799 669 818 in
678 801 741 818 castro
750 805 790 818 suo.

227 829 279 848 Item
287 829 311 848 de
319 829 385 848 eodem
394 829 419 848 nd
427 828 524 854 querelam
532 828 607 848 heredis
615 829 667 853 quod
675 829 769 848 videatur.

189 861 214 879 70
227 859 279 878 Item
287 859 311 878 de
320 859 387 878 eodem
395 859 448 884 quod
455 859 558 878 vicecomes
568 859 627 878 facist
636 865 679 878 eam
687 859 752 878 venire
760 865 825 878 coram
834 859 940 878 iustitisriis

277 889 330 913 apud
338 888 539 907 Westmonasterium.

226 918 259 937 De
266 925 289 937 eo
298 918 330 943 qui
339 918 441 937 nutriverit
450 918 532 943 aliquem
541 918 561 937 in
570 919 627 937 domo
636 925 671 937 sua
679 921 702 937 ut
711 918 772 937 filium
781 921 800 938 et
809 919 898 938 heredem
907 918 940 943 qui

277 954 312 967 nec
319 950 348 967 est
355 948 407 967 filius
415 954 449 967 nec
457 948 516 967 heres

226 978 289 997 Breve
297 978 321 996 de
328 977 416 996 habendo
423 984 493 1002 eorpus
501 977 545 997 tulis
554 980 573 997 et
582 977 647 997 uxoris
656 984 694 997 suoe
702 984 767 997 coram
775 978 887 997 iustitia-iis.

227 1008 278 1026 Item
289 1007 304 1026 si
316 1014 359 1026 cum
370 1014 427 1026 verus
438 1007 492 1026 heres
503 1007 555 1026 infra
566 1009 643 1026 aetstem
654 1007 754 1029 moriatur,
766 1010 865 1032 supponat
876 1010 939 1027 custos

276 1036 335 1056 slium
342 1039 456 1056 extraneum
462 1036 493 1055 vel
500 1036 594 1056 habeatur
601 1037 683 1061 suspicio
691 1037 742 1061 quod
749 1039 837 1056 mortuus
845 1037 875 1059 sit,
882 1037 939 1056 breve

276 1067 327 1091 quod
337 1066 456 1091 producatur
465 1069 484 1085 et
493 1066 587 1085 videatur.

188 1098 212 1116 71
226 1096 278 1115 Item
285 1102 329 1115 cum
337 1103 393 1115 verus
400 1096 454 1115 heres
461 1098 549 1115 mortuus
556 1096 581 1115 sit
589 1099 608 1116 et
616 1099 739 1121 supponatur
746 1097 794 1116 alius
803 1103 814 1116 s
822 1097 901 1116 custode
909 1097 939 1116 vel

275 1126 345 1145 marito
354 1126 494 1145 fraudulenter.

225 1155 289 1174 Breve
297 1156 312 1174 si
320 1155 415 1174 hereditas
423 1155 498 1175 heredis
506 1156 577 1175 mortui
586 1156 655 1175 debeat
663 1160 703 1175 esse
712 1156 792 1175 eschaets
801 1156 873 1175 domini
882 1156 938 1181 regis.

226 1185 276 1204 Cum
284 1185 328 1204 talis
337 1185 405 1204 mulier
413 1185 432 1204 in
440 1185 510 1204 iudicio
517 1185 605 1204 convicta
613 1185 673 1205 fuerit
681 1185 711 1205 vel
719 1186 808 1205 confessa
816 1186 868 1211 quod
877 1192 938 1211 praeg-

275 1221 324 1234 nans
331 1221 370 1233 non
377 1215 408 1237 sit,
415 1215 472 1234 breve
479 1215 503 1234 de
511 1215 600 1234 faciendo
608 1215 696 1234 seisinsm
703 1222 749 1234 vero
756 1215 827 1235 heredi.

225 1244 257 1263 De
265 1244 366 1263 heredibus
374 1244 502 1263 instituendis.

226 1274 247 1293 Si
255 1274 296 1293 fieri
304 1274 373 1293 debeat
380 1274 460 1299 partitio
468 1274 519 1293 inter
526 1274 633 1293 coheredes.

188 1306 211 1324 72
225 1304 257 1323 De
265 1304 370 1323 iustitiariis
377 1304 515 1323 constituendis
523 1305 548 1323 sd
556 1304 680 1329 partitionem
688 1305 803 1324 faciendum.

224 1333 257 1353 De
265 1334 371 1353 iustitisriis
379 1334 518 1353 constituendis
526 1336 549 1353 ut
558 1334 647 1353 intersint
656 1334 761 1359 partitioni.

224 1363 287 1382 Breve
295 1369 339 1382 cum
347 1365 413 1388 partes
421 1363 514 1388 elegerint
523 1363 596 1388 sliquos
604 1364 629 1383 de
637 1364 733 1383 communi
742 1370 835 1383 consensu
844 1365 869 1383 nd
878 1364 938 1389 purti-

274 1393 347 1412 tionem
354 1393 468 1412 faciendam.
