1173 1660
205 157 242 175 2⁷4
471 155 582 171 BRACTON:
594 155 624 170 Dr.
636 155 732 171 LEGIBUS

204 193 236 212 cit.
259 193 280 212 Si
289 195 354 212 autem
363 193 473 216 invalidam,
482 193 560 215 amittit,
570 193 675 212 semmdum
684 193 736 218 quod
745 193 806 212 videri
815 193 888 218 poterit
897 199 941 212 cum
951 199 1001 212 uxor

205 222 230 241 ad
239 222 362 247 probandum
371 229 469 242 assensum
478 223 574 248 producat
583 223 647 242 vivam
657 229 722 242 vooem
731 225 751 242 et
761 225 820 242 testes
830 223 863 248 qui
873 223 938 242 dicant
949 223 1000 248 quod

204 252 285 271 maritus
293 252 359 271 uxoris
367 252 455 271 dotavit¹¹
463 259 512 275 eam,
520 255 540 272 et
548 253 698 272 instrumentum
706 252 792 272 similiter
801 252 913 277 prolatum¹¹
922 252 947 272 ad
955 259 1000 277 pro-

205 282 302 301 bationem
309 282 360 301 dicat
369 282 421 307 quod
429 284 486 307 pater
494 282 523 301 vel
532 284 595 301 mater
603 282 633 301 vel
642 282 690 301 alius
699 288 769 307 parens
778 282 853 302 dotavit
861 288 947 304 uxorem,
957 288 1000 301 eum

205 311 267 330 dicere
276 311 355 331 deberet
364 318 395 331 eos
405 311 508 336 praebuisse
518 318 622 331 assensum.
633 312 676 331 1⁴:2¹·
686 318 730 331 cum
739 318 789 331 uxor
799 312 877 337 praecise
887 318 907 331 se
917 312 1001 331 tenuerit

205 341 230 360 ad
236 343 344 366 utramque,
351 344 421 361 neutra
427 341 498 361 valebit
505 347 548 360 cum
555 341 594 361 sint
601 341 707 364 contrariae,
714 341 750 361 nisi
757 342 782 361 sit
789 342 822 366 qui
830 341 881 361 dicat
888 342 940 366 quod
947 342 1001 361 illam

205 377 247 396 quie
255 371 307 390 utilis
315 373 344 390 est
352 371 421 390 sufficit
429 373 500 393 tenere,
509 373 528 390 et
536 371 588 396 quod
597 371 644 390 utile
651 377 691 390 non
699 371 779 390 vitiatur
787 378 822 396 per
831 371 904 393 inutile.
913 371 946 390 et²¹
955 371 1001 396 qui·

203 400 248 425 plus
254 400 305 419 valet
312 401 364 425 quod
370 403 435 420 actum
441 403 470 420 est
476 407 534 425 quam
541 401 592 425 quod
599 401 698 426 seriptum,
705 401 757 420 forte
763 400 858 426 pmptex'·
865 407 949 420 errorem
956 401 1000 420 scri-

204 430 273 452 bentis,
286 433 305 450 et
318 430 402 455 benig-na
415 430 574 455 interpretatione
588 433 652 455 posset
666 430 693 450 ita
707 430 857 450 instrumentum
870 430 1000 455 interpretari,

204 460 256 485 quod
262 460 287 479 ad
294 460 330 479 hoc
336 462 413 480 tantum
419 460 483 480 valere
490 460 564 482 debeat,
572 460 624 485 quod
631 463 740 480 antecessor
746 460 878 480 constitutioni
886 460 936 479 dotis
944 460 1001 479 factm

204 496 240 515 per
248 490 337 509 heredem
346 489 441 515 praehuit¹¹
452 496 556 512 assensum,
566 492 585 509 et
595 492 676 515 propter
686 490 828 515 simplicitatem
837 490 1000 509 contrahentium:

205 519 310 539 secundum
323 520 375 544 quod
388 519 459 539 dicitur
472 520 496 539 de
510 519 558 538 laico
572 522 701 544 praesentante
715 520 740 539 ad
754 519 858 541 ecelesiam,
873 519 905 544 qui
920 519 966 539 dicit
980 519 1001 538 in

204 550 333 569 instrumento
340 549 493 574 praesentationis
500 549 552 574 quod
559 549 593 568 dat
600 549 635 569 tali
642 549 710 568 clerieo
717 549 776 568 talem
784 549 887 571 eeclesiam,
896 549 929 568 sed
936 549 1000 568 incon-

204 586 259 604 grue,
271 579 316 604 quia
327 579 428 604 episcopus
440 579 475 599 dat
486 581 505 598 et
516 579 576 598 laicus
587 581 665 598 tantum
677 581 787 604 praesentat.
799 579 833 598 Ex
845 579 929 603 benigna
941 579 1001 603 igitur

204 609 364 633 interpretatione
374 611 455 634 propter
465 608 608 633 simplicit-tem
618 608 710 628 laieorum
722 608 837 631 admittitur,
848 608 914 633 quod¹¹
925 615 964 627 non
976 608 1001 628 sit

204 645 266 658 vacua
274 638 398 664 praesentatio
407 640 488 663 propter
498 639 625 662 incongruam
634 638 737 657 dictionem
747 638 861 660 domtionis,
872 638 906 657 sed
916 638 1000 657 admitti-

204 668 251 688 tur-⁸·
261 668 340 688 donatio
350 674 386 693 pro
396 668 549 693 praesentatione.
560 667 603 687 Dat
612 670 678 687 tamen
688 667 747 687 laicus
758 667 903 687 advocationem
913 667 1000 690 eeclesiae,

204 698 248 717 licet
257 698 355 717 eeclesiam
363 697 423 717 dare'⁰
431 704 470 717 non
478 697 544 722 possit.
554 697 594 716 Sed
602 697 617 717 si
625 703 670 716 eum
678 697 823 716 advocationem
832 697 912 719 dederit,
921 697 972 717 dicat
981 697 1001 716 in

204 728 333 747 instrumento
345 727 454 747 donationis
466 727 518 752 quod
531 727 565 746 dat
578 727 682 749 eeclesiam,
695 727 766 746 valebit
779 727 857 746 donatio
871 727 1001 746 advocationis

204 764 228 777 ex
238 757 323 782 benigna
333 757 492 782 interpretatione
503 759 584 781 propter
595 757 742 781 simplicitatem.
755 756 783 776 Et
794 757 821 776 sic
832 756 855 776 fit
866 757 1001 781 interpretatio

205 787 219 806 f.
227 787 274 810 9512]
302 786 327 806 ab
333 786 423 811 antiquis,
430 786 481 811 quod
488 793 532 805 cum
538 786 598 805 laicus
604 786 656 805 dicat
662 786 695 805 Do
702 786 806 808 ecclesiam,
813 786 847 806 dat
854 786 948 811 quidquid
954 786 1000 805 iuris

204 817 262 837 babet
270 817 291 836 in
298 817 376 836 eeclesia
384 819 425 836 tam
433 816 454 836 in
462 816 586 836 advocatione
595 822 653 841 quam
662 816 682 835 in
691 816 844 841 presentatione,
854 816 941 841 benignae
950 816 1001 835 enim

205 847 297 866 faeiendoe
304 848 350 866 sunt
357 846 526 871 interpretationes
533 848 555 865 ut
563 852 593 865 res
600 846 662 870 magis
670 845 733 865 valeat
741 852 799 870 quam
807 848 880 871 pereat.
889 846 953 868 <Sed
961 846 1001 865 sine

204 876 315 901 praeiudicio
322 875 405 895 melioris
414 875 513 895 sententiae
521 875 598 895 videtur
606 875 657 900 quod
666 877 747 900 uterque
756 876 821 895 dotem
830 875 935 898 constituit,
945 878 1002 900 pater

205 906 293 926 videlieet
301 906 332 925 vel
340 906 388 925 alius
397 911 467 930 parens
476 907 557 930 propter
566 911 685 927 consensum,
694 907 714 924 et
723 905 752 924 vir
761 907 842 930 propter
851 905 1001 924 nominationem

205 936 261 958 dotis,
273 942 356 960 quorum
367 938 458 955 neutrum
469 935 520 954 valet
532 935 572 954 sine
583 934 627 957 alio,
639 941 673 954 nec
685 941 746 954 unum
757 934 843 954 sufficere
854 934 915 959 possit
928 941 964 959 per
975 941 1001 954 se.

205 965 265 985 Unde
276 965 292 984 si
301 967 358 990 pater
368 965 518 984 instrumentum
528 964 633 984 confecerit
644 970 702 989 super
713 964 820 983 eonsensu’¹
831 964 856 983 ad
867 964 1001 989 probativum

205 995 352 1017 constitutionis,
360 996 380 1014 et
387 1001 437 1013 uxor
444 994 532 1013 habuerit
539 994 603 1013 vivam
610 1000 676 1013 vocem
685 994 709 1013 ad
718 993 851 1019 probationem
859 994 1001 1016 nominationis,

205 1027 296 1044 neutrum
306 1024 386 1043 istorum
396 1024 432 1043 erit
442 1023 498 1043 alteri
507 1023 634 1043 contrarium:
645 1026 665 1043 et
675 1023 717 1042 ideo
727 1023 775 1042 bene
785 1023 842 1043 simul
852 1026 903 1043 stare
913 1026 1001 1048 possunt,

205 1057 224 1074 et
233 1060 339 1079 numquam
347 1054 418 1073 valebit
426 1053 531 1073 nominatio
540 1053 576 1072 viri
584 1053 625 1072 sine
633 1059 726 1072 consensu
735 1053 827 1078 parentis,
836 1059 871 1072 nee
880 1060 890 1072 e
898 1053 1001 1075 contrario,

205 1086 224 1103 et
235 1085 261 1103 sic
272 1086 353 1108 uterque
364 1083 450 1106 simul.>
463 1083 539 1102 Poterit
550 1082 608 1102 etiam
618 1082 648 1102 vir
659 1082 726 1102 dotare
737 1089 818 1102 uxorem
828 1082 898 1102 suam¹¹
909 1083 933 1102 de
944 1083 1001 1102 rebus

205 1113 271 1133 alienis
282 1113 368 1138 paternis
378 1113 409 1132 vel
418 1112 516 1135 maternis,
527 1112 557 1131 vel
568 1112 668 1137 utriusque
679 1112 785 1137 ipsorum,”
796 1114 816 1132 et
826 1112 905 1131 alterius
917 1115 1001 1132 anteces-

205 1143 253 1162 soris
262 1149 298 1168 per
307 1149 406 1162 assensum
415 1144 435 1161 et
445 1142 565 1161 voluntatem
574 1142 667 1167 ipsorum,
677 1142 748 1161 eisdem
758 1142 820 1161 modis
831 1142 899 1167 quibus
910 1142 934 1161 de
945 1142 1001 1161 rebus

205 1172 295 1197 propriis,
306 1172 419 1191 nominatim
429 1171 460 1191 vel
470 1178 509 1191 non
520 1171 639 1194 nominatim,
651 1171 750 1196 adquisitis
761 1171 795 1190 οῗ*
806 1171 935 1196 adquirendis,
946 1174 966 1191 et
977 1172 1001 1191 de

205 1202 242 1221 illis
253 1201 311 1221 etiam
322 1202 355 1221 sed
366 1201 479 1220 nominatim
490 1203 510 1220 et
521 1201 629 1226 specialiter
640 1201 664 1220 de
676 1201 744 1226 quibus
756 1203 884 1221 antecessores
895 1208 1001 1226 numquam

205 1231 286 1250 fuerunt
297 1231 317 1250 in
328 1231 403 1253 seisina,
414 1231 461 1250 dum
472 1233 537 1250 tamen
548 1233 593 1256 post
604 1233 681 1256 tempus
693 1231 718 1250 ad
730 1231 808 1250 heredes
820 1231 879 1250 sunt¹¹
892 1237 1001 1253 reversurae,

205 1261 310 1280 seeundum
317 1261 370 1286 quod
376 1261 465 1285 superius
472 1260 542 1280 dicitur
549 1261 570 1280 in
577 1263 633 1285 parte
640 1261 664 1280 de
671 1260 717 1280 dote
725 1261 803 1280 alterius
811 1261 876 1280 uxoris
885 1267 927 1286 quae
934 1261 954 1280 in
961 1261 1002 1280 vita

205 1311 306 1330 namara,
313 1311 348 1330 013,
356 1311 394 1330 MA,
402 1311 440 1330 Mn,
448 1311 487 1330 MG,
494 1311 514 1329 v,
522 1311 559 1326 CM.
578 1310 591 1319 ¹·
597 1310 685 1330 probatum,
692 1311 712 1330 v,
721 1311 759 1330 MA,
767 1311 800 1330 LA,
809 1311 848 1329 ΜΘ,
856 1311 893 1326 CM.
912 1311 948 1326 ¹⁴22
955 1310 1001 1329 unse,

205 1336 225 1354 v,
234 1336 268 1355 0A,
278 1336 311 1354 LA,
320 1336 353 1351 oc.
374 1336 433 1355 uem„
443 1336 477 1354 os,
487 1336 525 1354 MA,
535 1336 572 1351 Ma.
592 1335 645 1355 uper,
656 1336 690 1354 013,
700 1336 737 1354 MA,
748 1336 785 1352 Ma.
806 1336 914 1356 ¹⁷pmbuerit,
923 1337 958 1356 oA,
968 1337 1001 1352 LA.

205 1360 284 1379 mmm..
293 1361 328 1380 os,
337 1361 376 1380 MG,
385 1361 405 1380 Y,
414 1361 447 1376 ca.
467 1361 480 1369 ¹⁰
486 1361 526 1380 0m.,
535 1361 571 1380 oa,
580 1361 618 1380 MA,
628 1361 665 1376 Ma.
686 1361 698 1370 ²¹
704 1366 800 1381 emm-sm,
810 1362 829 1380 v,
839 1362 878 1377 ιω.
898 1362 911 1370 ¹¹
917 1362 957 1380 om„
966 1362 1001 1381 os,

206 1386 244 1404 MA,
252 1386 289 1401 Mn.
307 1385 396 1404 ssavorum,
404 1386 442 1405 ΜΕ,
449 1387 486 1402 CM.
505 1386 554 1405 uvel,
562 1386 581 1405 v,
589 1386 628 1405 MG,
635 1387 654 1402 Y.
674 1386 687 1395 ¹¹
693 1387 733 1406 om„
741 1387 782 1406 MA;
790 1388 826 1406 nae,
834 1387 869 1406 oa,
877 1388 914 1403 Ma.
