1173 1660
216 145 252 162 104
482 142 593 158 BBACTON:
604 142 635 158 DE
647 142 743 158 LEGIBUS

215 183 319 203 war-antus,
326 180 351 199 de
357 183 410 199 terra
417 186 476 205 quam
482 180 524 205 ipse
530 180 560 199 vir
566 182 587 199 et
592 186 642 199 uxor
649 180 706 199 simul
713 182 781 199 tenent
787 180 864 199 nomine
872 179 922 199 dotis
930 179 954 199 de
961 179 1012 199 dono

216 210 273 235 primi
283 210 319 229 viri
329 210 364 232 sui,
374 212 394 229 et
404 210 419 229 si
429 209 473 229 talis
482 212 581 229 warantus
591 210 714 229 donationem
725 210 788 229 tmere
798 210 887 232 voluerit,
898 216 937 229 non
947 212 1012 235 potest

215 240 338 260 donatarium
348 240 438 259 inducere
447 240 468 259 in
477 240 566 259 seisinam
575 246 662 262 vacua-m,
671 246 716 259 cum
726 240 765 259 sint
774 239 825 259 idem
834 246 905 264 eorpus
915 242 935 259 et
945 239 1013 259 eadem

215 276 260 289 caro
269 269 299 289 vir
307 272 327 289 et
336 276 392 292 uxor,
401 269 449 289 ποκ’*
459 269 531 294 poterit
540 270 623 289 donator
633 271 732 289 attor-nare
741 269 840 289 servitium
850 269 916 289 uxoris
925 269 967 288 viro
977 276 1012 289 suo

216 300 290 319 ratione
303 299 400 324 praedicta.
414 299 444 319 Et
456 299 508 318 unde
521 299 536 318 si
549 302 594 324 post
607 301 689 318 mortem
702 299 768 319 uxoris
782 299 852 318 eiectus
866 299 926 318 fuerit
939 305 964 318 ex
976 299 1012 318 tali

216 329 319 348 donatione
328 329 416 348 seisinam
424 335 463 348 nou
472 329 599 354 recuperabit.

265 359 359 378 Mutatur
370 359 486 384 quandoque
497 365 533 384 per
544 359 667 378 demtionem
679 365 719 378 una
730 365 788 378 camo
799 358 910 384 pouidendn·
922 358 943 378 in
954 358 1012 378 aliam

266 395 344 408 comam
352 388 468 414 possidendi.
982 406 988 411 ,

216 419 325 438 Moru-un
341 419 456 444 quandoque
472 425 507 444 per
523 418 646 438 donationem
662 424 702 437 una
717 424 776 437 eausa
791 418 902 443 possidendi
918 418 939 438 in
955 418 1013 438 aliam

216 455 294 468 causam
303 449 419 474 possidendi,
428 451 451 468 ut
461 449 476 468 si
486 448 529 473 quis
539 448 564 468 ab
573 448 628 467 inih'o
637 448 726 467 habuerit
736 448 755 467 in
765 448 830 473 aliqua
840 455 860 468 re
871 448 946 468 nudum
956 455 1013 468 usum

216 485 240 498 ex
250 478 370 498 concessione
379 478 502 504 proprietarii
512 478 582 498 habere
592 478 664 503 poterit
674 478 823 497 usumfructum
835 479 887 497 Item
897 478 912 498 si
923 478 948 497 ab
958 478 1012 498 initio

216 509 304 528 habuerit
316 508 459 528 usumfructum
471 510 491 527 et
503 508 613 530 terminum,
624 508 694 527 habere
707 508 779 533 poterit
791 508 885 527 existente
897 508 980 527 termino
993 510 1012 527 et

216 539 263 558 dum
269 539 296 558 sic
303 539 363 558 fuerit
370 539 390 558 in
397 538 515 563 possessione
521 538 603 557 liberum
610 540 747 560 tenementum,
754 538 826 563 absque
833 544 856 557 eo
864 538 916 563 quod
924 544 944 557 se
951 540 1012 563 ponat

215 571 272 588 extra
282 569 376 594 seisinam,
386 568 433 587 dum
443 571 509 587 tamen
519 568 635 587 interveniat
645 567 755 587 solemnitas
766 568 786 586 in
797 568 840 593 ipsa
850 567 963 590 mutatione,
974 567 1013 587 ιη’·

216 598 231 617 f.
238 599 273 622 82]
301 598 401 622 contingat
412 598 535 617 donationem
545 597 626 617 deficere
636 603 673 622 pro
683 597 761 616 defectu
772 598 896 622 probationis.
909 598 961 617 Item
970 604 1012 617 mu-

216 628 254 648 tari
262 628 334 653 poterit
342 634 381 647 una
390 634 447 647 causa
455 628 475 647 in
484 628 547 650 aliam,
556 630 578 647 ut
587 628 603 647 si
611 627 642 646 cui
651 627 729 647 habenti
737 628 819 646 liberum
827 630 959 647 tenementum
968 634 1012 646 con-

216 658 296 677 oedatur
303 657 351 676 dum
359 657 385 676 sie
393 657 453 676 fuerit
461 657 480 676 in
489 657 557 677 seisina
565 657 617 682 quod
625 657 679 676 illud·
688 659 754 676 teneat
762 657 782 676 in
790 657 853 679 feodo,
862 660 882 677 et
890 657 934 676 inde
942 657 1012 676 habeat

216 687 362 712 proprietatem,
373 687 421 706 sicut
432 687 491 706 videri
502 687 575 712 poterit
585 687 609 706 de
619 687 656 706 illis
667 687 700 711 qui
710 689 777 706 tenent
787 687 865 706 nomine
875 687 926 706 dotis
936 687 966 706 vel
977 693 1012 712 per

216 717 278 742 legem
288 717 372 742 Angliae,
382 717 412 736 vel
421 716 536 739 huiusmodi,
546 719 639 742 poterunt
649 716 700 736 enim
710 717 734 736 de
743 717 803 736 libero
813 719 923 736 tenemento
933 717 1012 736 feodum

216 747 280 766 faeere
290 747 402 772 possidenti.
414 747 475 770 <Vel
486 747 538 771 quod
548 747 568 766 id
579 746 631 771 quod
642 746 684 772 quis
695 747 749 771 prius
760 747 785 766 ad
795 746 900 766 terminum
911 746 1012 768 habuerit,¹

216 777 262 796 dare
269 777 286 796 ei
294 777 355 802 possit
362 777 382 796 in
389 776 452 799 feodo,
461 779 480 796 et
487 782 529 801 quae
537 776 647 796 solemnitas
655 776 706 795 inde¹
714 776 757 796 erit*
766 776 854 795 facienda
862 776 901 796 sive
909 778 1012 801 pri-sentes

216 807 290 826 fuerint
300 806 383 826 donator
393 809 412 826 et
422 806 535 826 donatarius
545 806 584 825 sive
595 806 689 828 absentes,
700 812 739 825 non
750 806 815 831 itaque
825 808 914 825 mutatur
924 812 983 825 eausa
992 808 1012 826 et

216 837 311 862 possessio
320 836 362 861 ipso
373 837 420 858 iure,
431 836 476 861 quia
486 836 538 855 aliud
548 839 577 856 est
588 836 658 855 habere
668 836 697 855 ius
707 836 774 855 utendi
785 838 805 855 et
815 836 959 856 usumfructum
969 839 1012 855 tan-

216 869 265 889 turn,
275 869 296 886 et
306 866 359 886 aliud
370 866 428 891 longe
438 865 545 885 dominium
555 868 575 885 et
586 866 731 891 proprietatem.
743 866 773 885 Et
784 865 835 885 unde
846 866 908 885 tutius
919 869 948 885 est
961 866 1012 891 quod

216 897 330 916 adhibeatur
338 896 448 915 solemnitas
456 896 481 915 ad
489 895 623 921 probationem
631 895 749 918 mutationis,
757 895 806 920 quae*
814 896 850 915 nisi
859 896 919 915 fuerit
927 896 1013 915 adhibita

216 926 297 945 deficere
306 926 378 951 poterit
386 925 476 950 probatio
484 925 528 945 licet
537 925 566 944 ius
575 932 615 944 non
624 925 706 944 deficiat.
715 925 744 945 Et
754 925 826 950 poterit
835 925 918 945 donator
927 928 947 945 et
956 932 1012 945 verus

216 956 305 975 dominus
313 962 357 975 cum
365 956 465 975 voluntate
473 955 556 974 tenentis
564 957 640 974 mutare
648 961 707 974 unam
716 961 793 974 eausam
802 955 912 980 possidendi
920 955 940 974 in
949 955 1012 977 aliam,

217 986 257 1005 sine
266 985 373 1005 mutatione
382 985 511 1010 possessionis,
521 991 556 1004 nee
565 987 594 1004 est
604 991 679 1004 necesse
688 991 784 1004 resumere
793 991 835 1004 rem
844 985 902 1004 semel
911 985 978 1004 datam
987 985 1012 1004 ad

216 1021 294 1034 causam
302 1015 416 1034 mutandam
424 1020 468 1034 eum
477 1014 534 1033 semel
543 1014 603 1033 fuerit
612 1014 654 1039 quis
662 1014 682 1033 in
691 1014 815 1039 possessione,
824 1020 846 1033 ae
854 1014 870 1034 si
879 1015 903 1033 de
911 1021 962 1033 novo
970 1014 1012 1033 fieri

216 1044 301 1064 deberet*
308 1044 392 1067 donatio,
400 1044 445 1069 quia
452 1044 467 1063 si
474 1044 516 1069 quis
523 1050 559 1069 per
565 1044 691 1063 intrusionem
698 1044 728 1063 vel
736 1044 853 1063 disseisinam
861 1044 919 1063 semel
927 1044 1012 1063 haberet'

216 1075 330 1099 ingressum,
339 1077 404 1099 posset
412 1074 429 1093 ei
438 1081 495 1093 verus
503 1074 592 1093 dominus
601 1074 704 1093 concedere
712 1080 754 1093 rem
762 1073 866 1093 tenendam
876 1074 895 1093 in
905 1074 962 1093 feodo
972 1074 1012 1093 sine

215 1104 323 1124 mutatione
329 1104 453 1129 possessionis
459 1104 503 1123 licet
510 1103 581 1123 iniusta
588 1103 618 1125 sit,
625 1103 687 1123 multo
694 1103 764 1123 fortius
772 1103 787 1123 si
794 1103 850 1123 iusta.
859 1103 898 1123 Sed
905 1103 941 1123 hoc
948 1104 1012 1123 facere

217 1134 289 1159 poterit
297 1134 338 1153 sine
346 1133 456 1159 praeiudieio
464 1133 549 1152 alterius.
559 1133 589 1152 Ut
598 1133 614 1152 si
623 1133 685 1158 primo
695 1133 748 1153 facta
757 1133 817 1152 fuerit
826 1133 905 1152 donatio
914 1133 983 1152 minori
992 1134 1012 1152 in

217 1164 280 1185 feodo,
291 1163 345 1182 euius
354 1169 412 1182 causa
421 1163 493 1182 mutari
503 1169 542 1182 non
552 1165 617 1187 potest
628 1163 653 1182 ad
663 1163 756 1182 damnum
766 1165 786 1182 et
797 1163 934 1188 praeiudicium,
946 1163 979 1183 sed
989 1166 1012 1182 ut

216 1193 257 1212 eius
270 1192 382 1212 melioretur
395 1192 486 1215 condicio,
500 1193 571 1212 mutari
585 1199 624 1211 non
638 1192 710 1217 poterit
724 1192 777 1211 infra
790 1195 867 1212 aetatem
880 1193 905 1212 ad
920 1193 1012 1212 damnum

217 1229 279 1245 suum,
287 1222 366 1242 scilieet·
373 1222 425 1247 quod
433 1222 503 1242 habeat
511 1222 536 1242 ad
544 1222 604 1241 vitam
613 1222 665 1247 quod
673 1222 690 1241 ei
699 1222 753 1247 prius
761 1222 830 1242 datum
839 1223 878 1242 fuit
887 1222 921 1242 sibi
931 1225 950 1242 et
959 1222 1012 1242 here-

217 1253 272 1272 dibus
283 1253 329 1275 suis,
339 1253 370 1272 vel
380 1252 432 1278 quod
442 1252 459 1272 ei
470 1252 538 1271 datum
548 1252 587 1271 fuit
598 1252 618 1271 in
629 1252 687 1271 feodo
697 1252 728 1271 vel
739 1252 764 1272 ad
775 1252 840 1275 vitani,
852 1252 909 1272 detur
921 1253 977 1272 alteri
987 1253 1012 1272 ad

217 1299 230 1307 ¹·
236 1304 272 1318 non,
279 1299 315 1318 os,
321 1299 341 1314 Y.
359 1299 373 1307 ¹⁴
378 1304 414 1318 mm,
421 1299 456 1318 os,
463 1299 501 1317 MA,
509 1299 546 1314 ΜΒ.

258 1324 265 1333 ¹
271 1324 292 1343 id,
301 1324 336 1343 on,
344 1324 385 1342 Μιις
394 1324 440 1342 ian,
449 1324 486 1339 nn
506 1323 578 1342 ’hab-sa,
587 1324 621 1343 oc,
630 1324 668 1339 uo.
688 1323 775 1343 wasme
784 1325 823 1343 no,
832 1324 869 1340 cM.
890 1324 896 1333 ¹
902 1330 940 1345 qu,
949 1325 969 1344 v,
978 1325 1012 1344 oc,

217 1349 257 1368 nm
266 1350 307 1369 qun,
317 1350 358 1368 nm
368 1349 414 1369 quod,
423 1349 460 1365 cM.
480 1349 554 1368 mebant,
563 1349 596 1365 oe.
617 1348 681 1368 'haben
690 1349 727 1367 om
736 1349 813 1368 habuerit,
823 1350 842 1365 v.
862 1349 964 1369 umam,
974 1350 1012 1369 no,

217 1375 253 1390 cu.
