1173 1660
229 165 253 182 14

229 260 253 279 F.
262 261 298 279 186

230 497 255 517 F.
263 499 299 518 187

232 794 256 813 F.
264 796 300 813 188

233 1180 257 1199 F.
265 1182 302 1199 18⁹

494 162 605 177 BRACTON:
616 162 647 177 DE
659 162 755 177 LEGIBUS

311 200 333 219 Si
347 200 480 219 malefactores
496 199 574 224 fugiant
589 200 614 218 ad
628 199 732 221 ecclesiam,
747 200 830 224 qualiter
845 199 927 219 debeant
942 206 1025 224 regnum

361 230 449 249 abiurare
457 230 473 248 si
481 232 598 254 cognoscant
606 230 727 249 latrocinium
735 232 755 249 et
763 229 861 248 feloniam.

310 259 343 279 De
350 261 470 279 sacramento
478 259 560 284 qualiter
567 259 638 278 debent
646 265 728 284 regnum
736 259 830 278 abiurare.

311 289 370 311 Quod
379 295 419 308 non
427 289 483 308 debet
491 289 562 308 morari
571 289 592 308 in
600 289 678 308 ecclesia
686 295 722 314 per
731 288 861 313 quadraginta
870 288 916 311 dies,
925 290 945 308 et
955 288 970 307 si
979 288 1025 307 velit

361 318 407 343 quid
415 321 462 338 tunc
470 319 567 343 agendum
575 318 605 337 sit¹

311 349 343 368 De
352 348 444 368 divisione
452 348 558 368 exiliorum.

311 378 343 397 De
350 378 451 397 homicidio
458 385 494 403 per
501 378 630 397 infortunium
638 380 657 397 et
665 377 741 397 casuali.

311 408 344 427 De
356 408 393 427 illis
406 408 438 433 qui
451 408 503 432 eapti
516 410 567 430 sunt,
580 408 632 432 quod
645 414 684 427 non
697 408 767 427 debent
780 407 859 432 spoliari
872 407 926 426 bonis
940 407 979 427 suis
993 407 1025 426 sed

362 437 432 457 debent
440 437 485 456 inde
493 437 603 457 sustentari.

312 467 371 489 Quod
378 467 402 486 de
409 467 463 486 bonis
470 467 509 486 suis
516 469 654 486 sustententur.

312 497 402 519 Qualiter
409 499 478 522 eaptus
485 497 566 522 produci
573 497 642 516 debeat
649 503 715 516 coram
721 496 833 516 iustitiariis.

313 527 334 546 Si
343 527 367 546 sit
376 526 444 551 aliquis
452 533 496 546 eum
505 526 596 551 appellet.

312 556 381 576 Habet
393 558 510 581 potestatem
522 556 605 581 eligendi
618 556 670 581 quod
682 558 743 581 ponat
757 562 776 575 se
789 562 848 581 super
860 556 950 581 patriam,
963 556 994 575 vel
1007 562 1027 575 se

362 586 455 605 defendat
463 592 499 611 per
506 592 576 610 corpus
585 592 647 605 suum.

312 616 371 639 Quod
379 616 399 635 in
408 615 472 635 duello
479 615 577 640 iungendo
585 615 698 634 iustitiarius
706 615 763 634 debet
772 615 836 634 omnia
845 615 947 640 diligenter
955 615 1027 634 exami-

362 652 415 664 nare.

312 675 404 694 Vadiatio
412 675 477 697 duelli,
485 677 504 694 et
512 675 528 694 si
535 675 645 699 appellatus
653 675 715 694 victus
723 675 783 694 fuerit
790 675 821 694 vel
829 675 935 700 appellans.

313 705 339 724 In
347 711 392 724 casu
400 711 440 724 non
447 707 476 724 est
484 711 559 724 necesse
567 704 650 729 probare
658 711 694 729 per
702 711 772 729 corpus
781 711 843 729 neque
851 711 886 729 per
895 705 985 729 patriam,
994 704 1027 723 ubi

362 734 488 759 praesumptio
496 734 580 753 violenta
588 734 636 753 facit
643 736 711 753 contra
719 734 845 759 appellatum.

313 764 345 784 Ne
352 764 394 789 quis
401 767 515 783 extraneum
522 764 631 788 hospitetur
638 764 674 783 nisi
681 764 705 783 de
713 764 765 783 clara
773 764 809 783 die.

313 794 346 813 De
354 794 423 819 quibus
430 794 483 818 loqui
491 794 559 813 debeat
567 793 669 818 appellans
676 794 697 812 in
704 793 782 818 appello
791 800 831 813 suo.

313 824 340 843 A.
349 823 437 849 appellat
445 823 469 843 B.
479 830 514 848 per
522 823 569 842 talia
578 823 636 843 verbe
645 823 669 843 de
677 826 740 843 morte
749 823 816 843 fratris
825 823 861 846 sui,
870 826 890 843 et
900 824 915 843 si
924 824 965 849 ipse
975 824 1027 843 defe-

363 853 416 875 cerit,
425 855 472 872 tunc
481 860 516 878 per
525 853 590 875 talem,
600 855 619 872 et
629 853 656 872 ita
665 853 717 878 quud
726 853 765 873 sint
774 853 840 878 plures
850 854 874 872 de
883 860 922 872 uno
931 856 951 873 et
961 854 1027 873 eodem

364 883 422 902 facto.

314 913 366 932 Item
374 915 455 937 possunt
463 912 529 937 plures
537 912 632 937 appellari
641 912 689 932 sieut
697 919 747 932 unus
755 913 779 932 de
787 915 849 932 morte
858 913 942 932 alterius,

314 942 380 961 Verba
388 942 460 967 appelli
469 942 493 961 de
501 944 563 961 morte
572 942 640 961 fratris
648 942 679 961 vel
688 942 772 961 alterius.
783 942 834 961 Item
843 945 863 962 et
872 943 896 962 de
905 943 972 962 forcia.

314 972 423 997 Appellum
431 972 455 991 de
463 972 529 991 forcia.

314 1002 404 1024 Qualiter
413 1001 484 1020 debent
493 1001 587 1026 appellati
597 1001 706 1020 defendere.

315 1031 337 1051 Si
345 1031 431 1050 duellum
440 1031 535 1050 declinare
543 1031 625 1050 voluerit
633 1037 669 1056 per
677 1031 712 1050 hoc
721 1032 772 1056 quod
781 1031 858 1051 transiit
866 1034 948 1051 aetatem.

316 1061 337 1080 Si
355 1061 420 1080 omnia
438 1063 554 1080 concurrant
572 1067 614 1086 quae
633 1061 717 1085 iungunt
737 1061 836 1086 appellum
855 1061 921 1080 statim
940 1062 1029 1081 vadietur

364 1090 455 1110 duellum.

315 1121 336 1139 Si
343 1120 409 1145 plures
416 1120 556 1145 appellaverint
563 1126 630 1142 unum,
638 1120 671 1139 sed
678 1120 702 1139 de
710 1120 789 1139 diversis
797 1121 853 1139 factis
861 1120 909 1140 sieut
917 1121 941 1140 de
949 1121 1028 1140 diversis

364 1150 434 1174 plagis.

316 1180 337 1199 Si
345 1182 390 1199 ante
397 1179 483 1198 duellum
490 1185 602 1204 percussum
610 1185 675 1198 omnes
683 1179 804 1204 appellantes
812 1179 860 1198 mori
868 1180 974 1204 contingat.

316 1209 337 1229 Si
345 1209 455 1234 appellatus
462 1209 524 1228 victus
532 1208 592 1228 fuerit
599 1209 624 1227 de
632 1209 690 1231 factu,
698 1211 745 1228 tune
753 1209 830 1228 demum
838 1209 955 1234 procedatur
962 1216 1029 1229 versus

365 1238 412 1258 alios
421 1239 445 1258 de
454 1238 515 1258 forcia
523 1241 543 1257 et
551 1240 654 1263 praecepto.

316 1269 336 1288 Si
345 1269 411 1294 plures
420 1274 481 1288 unum
489 1268 630 1293 appellaverint
638 1268 662 1287 de
671 1270 732 1287 morte
741 1268 821 1287 alicuius
830 1269 854 1288 de
863 1269 950 1293 pluribus
959 1269 1028 1294 plagis.

316 1299 337 1318 Si
346 1305 396 1317 unus
404 1298 470 1323 plures
479 1298 606 1323 appellaverit
615 1298 639 1317 de
648 1298 727 1317 diversis
736 1298 799 1323 plagis
808 1298 927 1318 mortalibus.

314 1328 434 1353 Appellatus
444 1328 477 1347 det
486 1328 563 1347 vadium
573 1328 689 1347 defendendi
699 1330 718 1347 et
728 1328 829 1353 appellans
839 1328 872 1348 det
881 1328 959 1348 vadium
969 1329 1029 1348 disra-

365 1358 458 1377 tinnandi.

316 1388 367 1407 Sunt
376 1388 463 1413 quaedam
472 1387 593 1412 exceptiones
603 1393 645 1412 quae
653 1387 751 1412 generales
761 1390 807 1407 sunt
815 1388 840 1406 ad
849 1388 914 1407 omnia
922 1388 1001 1412 appella
1010 1390 1029 1407 et
