1173 1660
355 165 385 181 ns
396 165 548 183 Anoumwno
559 165 638 181 aarum
650 165 751 180 nomme
916 167 951 184 181

156 202 277 222 naturaliter·
283 203 354 222 iniuste
360 205 380 222 et
386 210 425 222 uon
431 209 481 223 vere.
488 203 527 222 Est
533 203 584 222 enim
591 203 685 222 naturalis
691 203 785 228 possessio
791 203 842 222 iusta
848 205 868 222 et
875 203 951 222 iniusta.

157 232 219 254 Iusta,
230 235 252 252 ut
263 232 279 251 si
291 232 351 252 facta'
362 233 466 252 traditione
477 233 562 252 extiterit
574 233 686 252 donatarius
698 233 718 251 iu
730 232 848 257 possessione
860 239 921 252 vacua
933 235 952 252 ct

156 268 192 287 per
199 269 227 282 se:
235 262 330 282 naturalis
337 265 356 282 et
364 263 441 285 iniusta,
448 265 471 282 ut
479 263 494 282 si
502 269 546 282 eum
553 263 636 282 donator
644 262 766 282 donatas-ium
774 262 872 282 induxerit
880 262 900 281 in
909 269 952 287 pos-

156 292 259 312 sessionem
268 292 325 312 ambo
335 292 392 312 simul
402 293 528 312 remanserint
538 293 558 311 in
568 292 692 317 possessione,
702 294 722 312 et
731 299 770 317 quo
780 298 825 311 casu
836 292 883 311 dum
893 292 952 311 dona-

156 321 217 341 tarius
228 322 248 341 in
258 322 377 347 possessione
388 322 447 341 fuerit
457 322 472 341 si
483 324 550 341 utatur
560 324 583 341 ut
594 322 653 347 prius,
664 325 684 341 et
695 322 775 341 statum·
786 328 824 341 non
835 322 952 344 mutaverit‚¹

156 354 237 377 uterque
247 352 304 371 habet
315 352 424 371 naturalem
434 352 578 377 possessionem,
590 352 623 371 sed
635 352 717 371 donator
728 352 798 371 iustam
809 354 829 371 et
840 352 952 371 donatarius

156 382 252 401 iniustam.
262 382 292 401 Et
300 382 351 401 idem
360 382 396 401 erit
405 382 421 401 si
430 383 511 407 uterque
520 384 588 401 utatur
597 384 619 401 ut
629 382 723 404 dominus,
733 382 778 407 quia
788 382 871 401 donator
880 382 953 401 utendo

156 412 294 437 possessionem
305 418 360 431 susm
370 412 476 434 continuat,
488 414 507 431 et
518 412 630 431 donatarius
641 411 713 431 utendo
724 411 771 431 nihil
782 411 816 431 sibi
828 411 918 437 adquirit.
931 411 952 431 Si

157 444 221 461 autem
234 441 347 461 donatarius
358 444 426 461 utatur
438 444 460 461 ut
473 441 561 461 dominus
574 444 594 461 et
606 442 689 461 donator
701 448 746 464 non,
759 442 821 461 adhuc
833 448 873 461 non
885 442 953 466 incipit

156 472 268 491 donatarius
279 471 377 496 possidere
387 472 432 496 quia
442 477 523 490 vacuam
534 478 573 490 non
583 471 641 491 habet
652 471 795 496 possessionem.
806 471 836 490 Et
846 471 904 491 idem‘
916 472 952 491 dici

156 501 228 526 poterit
241 501 265 520 de
277 501 351 520 familia
363 501 468 523 donatoris,
480 503 503 520 ut
515 501 538 520 si·
550 501 601 520 cum'
614 502 697 520 donator
709 501 831 520 donatarium
844 501 865 520 in
878 507 952 526 posses-

156 531 228 550 sionem
236 531 340 553 induxerit,
349 533 368 550 et
376 531 402 550 sic
410 537 490 555 corpore
499 531 579 556 proprio
587 533 606 550 et
615 531 679 550 mimo
688 531 791 553 recesserit,
799 531 870 550 relictis
879 531 899 550 in
908 537 951 556 pos-

156 560 238 580 sessione
247 567 313 583 uxore,
322 560 393 585 pueris,
402 561 432 580 vel
441 560 479 580 alia
488 561 575 583 familia*
584 561 628 580 licet
638 561 750 580 donatarius
759 563 832 583 utatur,
842 563 908 580 tamen
917 568 953 586 per

156 591 215 610 talem
222 597 280 610 usum
287 591 334 609 nihil
342 590 427 615 adquirit
434 590 526 615 proedicta
534 591 614 613 ratione,
622 591 667 615 quia
675 597 756 610 vacuam
764 597 804 610 non
811 591 869 610 habet
878 597 952 616 posses-

156 620 234 639 sionem.
245 620 297 640 Item
305 622 347 639 esto
356 621 408 645 quod
417 627 461 639 cum
471 620 553 639 donator
563 620 686 640 donatarium
695 621 715 640 in
724 621 862 645 possessionem
872 620 952 640 induxe-

157 650 188 672 rit,
197 650 260 669 simul'
269 650 289 669 in
299 650 417 675 possessione
426 650 526 669 extiterint
535 657 571 675 per
580 650 658 675 aliquod
668 653 751 675 tempus,
761 653 781 670 et
790 650 847 670 simul
857 657 869 670 a
879 657 952 675 posses-

156 679 209 699 sione
217 680 335 709 recesserint,
343 680 388 705 quia
396 680 468 705 poterit
476 687 516 700 csse
525 681 603 700 donatio
612 683 631 700 et
639 681 719 700 traditio
727 681 842 705 imaginaria
849 683 870 700 et
878 681 952 703 fictitia,

157 711 180 730 de
192 711 272 730 veritate
284 712 304 729 et
315 710 401 735 partium
413 710 513 730 voluntate
525 713 545 730 et
556 710 621 729 animo
633 713 721 730 constare
732 717 771 729 non
784 711 856 735 poterit
868 710 904 730 nisi
917 717 953 736 per

157 747 219 760 usum.
226 741 266 760 Per
272 747 328 760 usum
334 740 385 760 enim
391 740 412 759 iri
418 740 453 759 hoc
460 746 505 759 casu
512 740 605 759 declarari
612 740 684 765 poterit
690 740 767 762 veritas,
774 742 794 759 et
801 740 821 759 in
827 740 863 759 hoc
870 742 899 759 est
906 747 952 759 usus

156 770 279 792 necessarius,
287 770 332 794 quia
339 770 426 794 quamvis
434 776 470 795 per
477 770 607 789 inductionem
615 770 634 788 in
642 769 781 794 possessionem
788 770 879 794 praesumi
887 772 952 794 posset

157 800 279 819 donationem
286 802 306 819 et
314 799 437 819 traditionem
444 806 485 819 esse
492 805 563 821 veram,
571 801 591 818 et
598 799 629 818 cui
637 799 728 818 standum
735 799 786 818 erit¹⁰
793 799 854 818 donec
861 799 952 824 probare-

156 829 203 849 tur¹¹
213 829 247 848 in”
257 829 381 852 eontrarium,
392 831 458 848 tamen
468 831 534 854 posset
545 829 627 848 donator
638 829 680 854 ipso
691 829 744 848 facto
755 829 823 849 docere
834 829 952 849 contrarium

157 859 229 878 utendo
236 861 259 878 ut
267 859 321 884 prius
329 865 364 884 per
371 866 392 878 se
399 859 429 878 vel
437 859 486 884 pei-'¹
494 865 545 881 suos,
553 862 573 878 et
581 865 616 884 per
624 859 699 878 factum
707 859 747 878 tale
755 859 838 878 vincitur
846 865 952 884 pramp-

156 889 190 912 tio,
201 896 223 908 eo
234 889 286 914 quod
298 889 345 908 facit
356 889 474 908 contrarium
486 889 539 908 facto
549 888 670 914 praecedenti.
683 889 723 908 Per
734 889 830 908 exteriora
841 889 892 908 enim
904 895 952 914 prae-

157 919 206 938 sumi
214 919 286 944 poterit
295 919 319 938 de
327 918 455 941 interioribus,
464 919 569 938 seeundum
578 918 630 943 quod
639 918 714 941 dicitur,
723 919 824 938 Monstrat
832 924 869 943 per
877 918 952 938 vultwm

157 949 204 974 quid
209 949 234 968 n't
241 949 276 968 mb
284 949 341 968 corae
348 948 452 973 sepultum,
460 951 479 967 et
486 948 548 967 multo
555 948 626 967 fortius
633 950 741 968 monstrare
749 948 820 973 poterit
828 955 864 973 per
872 948 952 968 factum.

157 979 209 998 Item
219 985 263 998 cum
273 979 329 998 ambo
338 979 395 998 simul
405 985 417 998 a
426 979 544 1003 possessione
554 979 672 1001 recesserint,
682 979 771 1003 iniungat
782 979 865 998 donator
875 979 953 998 tamiliae

157 1010 209 1035 quod
216 1010 241 1029 sit
249 1010 350 1029 intendens
358 1009 459 1028 donatario
467 1009 516 1028 sicut
524 1009 602 1028 domino
610 1009 630 1028 in
639 1009 733 1031 omnibus,
741 1009 772 1028 vel
780 1015 824 1028 cum
833 1011 952 1028 sacramento

157 1040 187 1059 vel
194 1040 240 1062 sine,
248 1042 268 1059 et
275 1039 305 1059 si¹⁴
313 1039 339 1059 sic
346 1040 421 1059 iactum
429 1039 494 1062 fuerit,
503 1039 597 1058 sufficiens
605 1039 642 1058 erit
649 1039 728 1058 donatio
735 1042 755 1058 et
762 1039 847 1059 traditio.
857 1039 879 1059 Si
888 1042 953 1059 autem

157 1070 225 1089 feeerit
235 1070 360 1092 contrarium,
371 1070 399 1089 ita
409 1070 482 1095 poterit
493 1076 533 1089 esse
544 1070 623 1089 donatio
635 1072 654 1089 et
666 1069 745 1089 traditio
756 1069 870 1094 imaginaria
882 1072 902 1089 et
913 1076 952 1089 non

156 1107 208 1123 vera,
217 1101 300 1120 maxime
310 1101 326 1120 si
335 1101 418 1120 donator
427 1099 528 1119 reversus¹‘
538 1100 637 1125 negotium
647 1100 673 1119 sic
682 1102 759 1124 gestum
769 1102 834 1119 ratum
844 1100 953 1119 habuerit.¹⁸

158 1131 179 1150 Si
191 1133 256 1150 autem
267 1131 303 1150 hoc
315 1137 354 1150 non
366 1130 509 1155 approbaverit,
521 1130 578 1149 firma
590 1130 627 1150 erit
639 1130 723 1152 donatio,
735 1133 756 1150 et
768 1130 866 1150 tenebitur
878 1130 953 1150 familia

157 1161 258 1181 donatario
269 1167 305 1186 per
316 1161 410 1180 actionem
421 1161 543 1186 negotiorum
554 1160 673 1185 gestorum.”
687 1161 726 1180 Sed
737 1163 779 1180 esto
790 1161 842 1185 quod
854 1167 899 1180 cum
910 1161 953 1186 quis

157 1191 280 1210 donationem
293 1191 362 1210 fecerit
375 1193 395 1210 et
408 1191 531 1210 traditionem
545 1191 622 1210 fructus
635 1191 737 1216 exceperit,
750 1193 798 1210 tunc
811 1191 873 1211 refert
886 1193 953 1211 utrum

199 1246 303 1261 ‘naturaliter
315 1248 337 1265 et,
349 1246 383 1265 OB,
396 1246 434 1261 MA.
457 1245 510 1261 'ium
523 1246 571 1265 ima,
583 1246 604 1265 V,
617 1246 656 1264 ΜΟ,
668 1246 700 1261 CM
715 1246 743 1265 (4-
749 1246 805 1265 iusta).
829 1246 899 1261 'statum
911 1251 953 1265 veru,

157 1271 193 1289 OC;
205 1272 263 1290 atatim,
274 1271 294 1286 Y.
316 1271 336 1280 ⁸⁴
341 1272 394 1287 atatim
405 1276 442 1287 vero
453 1272 541 1290 mutaverit,
553 1271 592 1290 MG,
603 1271 640 1287 CM.
663 1271 715 1290 ¹1deo,
727 1271 766 1290 MG,
778 1271 814 1287 CM,
837 1271 856 1279 “·“’
862 1271 903 1290 Ona,
915 1271 952 1289 0B;

157 1297 202 1315 aient,
210 1296 249 1315 MA,
258 1297 299 1315 M&
308 1302 348 1315 cum,
357 1296 390 1312 ΟΕ.
410 1296 416 1305 “
423 1296 483 1312 familia
491 1297 552 1312 numine
561 1296 646 1315 donatoris,
656 1296 676 1315 V,
685 1296 719 1315 OC,
729 1297 768 1315 MG,
777 1296 814 1312 CM.
835 1296 841 1305 ¹
847 1298 863 1311 et
873 1296 923 1315 simul,
932 1296 953 1315 V,

157 1321 196 1340 MG,
204 1322 241 1337 CM.
260 1321 274 1330 ¹⁰
279 1323 325 1341 esset,
333 1322 368 1341 ΟΛ,
376 1322 409 1341 LA,
418 1322 452 1341 OC,
460 1322 499 1341 MG,
508 1322 544 1337 CM.
564 1322 576 1330 ¹¹
583 1321 681 1341 probaram,
689 1321 724 1340 OA,
733 1322 767 1340 LA,
775 1321 809 1340 OC,
818 1322 855 1341 MC,
864 1321 903 1340 MG,
912 1322 952 1339 CM;

157 1347 237 1366 probetur,
244 1347 279 1366 ΟΒ,
287 1347 326 1366 MA,
334 1347 373 1366 ΜΒ,
381 1347 415 1366 CE,
423 1348 443 1363 Y.
462 1347 475 1356 ¹³
481 1347 521 1366 Om„
530 1347 565 1366 ΟΒ,
573 1347 611 1366 MA,
620 1347 658 1362 ΜΒ.
677 1346 690 1356 ¹¹
696 1347 736 1365 Om.,
745 1347 780 1366 OB,
788 1347 826 1366 MA,
835 1347 873 1362 ΜΒ.
892 1346 906 1355 ¹¹
912 1347 953 1366 oin„

157 1372 192 1391 ΟΛ,
200 1372 237 1391 OC;
245 1377 285 1392 enm,
293 1373 333 1391 ΜΟ,
341 1372 379 1388 CM.
398 1372 432 1381 ¹¹¹¹¹
437 1377 507 1388 menna
516 1377 536 1388 ne
545 1373 604 1388 §aetum
612 1374 635 1388 ale
644 1374 704 1392 gestum
713 1374 772 1388 rectum
781 1372 858 1391 habuerit,
867 1372 906 1391 MG,
915 1372 952 1388 CM.

157 1397 170 1406 ¹⁷
176 1397 217 1417 Om..
224 1398 263 1416 MG,
271 1398 308 1413 CM.
