1173 1660
232 169 268 187 184
497 167 609 183 BBACTON:
620 167 650 183 DE
662 167 758 183 LEGIBUS

230 207 275 230 post
285 205 408 224 donationem
418 205 491 224 factam
501 207 546 224 ante
555 205 679 225 traditionan
690 205 755 224 furere
764 205 837 229 ceperit
847 205 936 227 donator,
946 204 976 224 vel
987 211 1027 224 esse

231 241 270 253 non
281 241 333 254 sanae
343 234 413 254 mentis
424 235 455 254 vel
467 235 521 254 bonae
531 235 633 257 memorie,
645 237 665 254 et
676 237 744 260 postea
756 235 857 254 subsecuta
869 234 929 254 fuerit
941 234 1026 256 traditio,

231 264 278 283 bene
287 264 358 283 valebit
366 265 450 287 donatio,
459 265 504 289 quia
511 265 631 284 voluntatem
640 271 698 289 quam
706 264 780 284 hsbuit‘
788 264 872 283 donator
881 267 926 284 ante
934 264 1026 286 furorem,

230 296 250 313 et
262 300 304 319 quae
316 300 355 313 non
367 294 406 313 fuit
417 296 507 313 revocata
519 294 666 319 superveniente
678 294 750 316 furore,
763 296 839 313 mutare
851 300 891 313 non
904 294 974 319 potuit,
987 294 1027 313 sive

230 323 272 348 ipse
280 324 392 343 donatarius
400 330 444 343 eum
452 324 567 343 auctoritate
575 324 606 343 vel
614 324 654 343 sine
663 330 683 343 se
691 324 777 349 posuerit
786 324 807 343 in
815 324 910 346 seisinm,
919 323 946 343 et⁸
955 330 979 343 ex
988 330 1027 349 quo

230 353 349 372 donatarius*
359 360 465 378 numquam
475 354 558 373 mutavit
567 354 696 373 voluntatem:
707 354 760 379 quod
770 353 847 379 quidem
857 354 872 373 si
884 353 996 373 donatarius
1007 360 1026 373 se

230 385 311 408 poneret
318 383 338 402 in
345 383 433 403 seisinam
441 383 521 408 propria
528 383 643 403 auctoritate
650 383 701 402 cum*
709 384 791 403 donator
798 385 848 402 esset
855 390 906 402 sanae
913 383 988 406 mentis,
996 383 1026 402 vel

230 413 245 432 si
254 413 345 435 furiosus,
354 413 401 432 dum
410 413 497 432 dilucidis
506 413 601 438 gauderet
610 413 721 436 intervallis,
731 419 820 432 revocare
830 413 887 432 vellet
896 413 1026 436 demtionem,

229 443 278 463 bene
286 446 357 468 posset,
365 443 410 468 quia
418 450 457 462 non
464 443 589 462 intervenerit
597 443 701 463 auctoritas
709 443 740 462 vel
748 443 827 462 traditio
836 443 913 462 seisinae.
924 443 952 462 Si·
961 445 1026 462 autem

230 473 342 493 donatarius
349 476 393 498 post
401 473 524 493 donationem
531 475 551 492 et
557 476 603 492 ante
609 473 733 492 traditionem
741 473 806 492 furere
814 473 892 498 ceperit.
900 473 931 492 vel
938 479 979 492 esse
987 479 1026 492 non

229 509 280 522 sanae
287 503 363 525 mentis,
371 509 410 522 non
418 503 489 522 valebit
496 503 576 522 donatio
584 503 632 522 uee¹⁰
640 503 725 525 traditio,
734 503 779 528 quis
786 503 831 522 lioet
839 503 922 522 donator
930 503 950 522 in
959 503 1026 522 volun-

229 535 270 552 tate
276 533 366 552 tradendi
373 532 465 555 extiterit,
472 533 550 552 tamen¹¹
559 532 671 552 donatarius
678 533 764 552 animum
771 532 866 552 retinendi
874 539 913 551 non
919 532 983 555 habet,
991 539 1026 552 nee

229 562 339 587 recipiendi,
349 565 369 582 et
379 563 422 582 ideo
432 563 515 582 donator
525 569 631 587 numquam
641 562 711 582 desinit
721 562 818 587 possidere
828 569 853 581 ex
864 569 902 587 quo
913 562 1025 582 donatarius

229 592 313 617 incipere
325 598 364 611 non
376 594 446 617 potest,
460 592 511 611 Item
524 592 564 612 sine
575 592 680 612 traditione
692 592 765 617 poterit
777 592 819 617 quis
831 592 915 617 incipere
928 592 1025 617 possidere

229 628 264 647 per
271 622 350 647 longam
357 624 377 641 et
384 622 484 647 pacificam
492 622 580 641 seisinam
587 624 607 641 et
614 622 727 641 continuum
734 628 797 644 usum,
805 622 849 641 lieet
857 622 920 641 alius¹¹
928 622 1025 647 possidere

229 658 269 671 non
282 651 364 674 desinat,
379 652 424 677 quia
438 652 508 671 dieitur
523 652 611 676 superius
625 652 677 676 quod
691 652 827 671 traditionibus
841 654 861 671 et
876 652 1025 677 usucapionibus

228 688 294 701 rerum
307 681 392 701 dominia
405 684 425 701 et
439 682 566 707 possessiones
580 681 732 701 transferuntur.
748 682 800 701 Item
815 681 887 706 poterit
902 688 942 701 esse
956 681 1025 701 seisina

228 714 295 731 tenera
305 714 325 731 et
334 711 384 731 bona
394 714 413 731 et
422 712 484 731 firma.
494 711 529 730 Ad
539 712 590 736 quod
600 711 684 730 breviter
693 711 801 730 notandum
810 712 863 736 quod
872 717 978 736 numquam
988 711 1024 731 erit

228 744 295 761 tenera
306 741 352 760 nbi¹¹
364 741 495 760 concurrunt?
507 741 536 760 ius
547 743 568 760 et
579 741 688 766 proprietas
700 744 720 760 et
731 741 805 763 seisina,
817 743 841 760 ut
852 741 868 760 si
879 741 909 761 ius
921 741 1024 761 descendat

228 771 284 791 alicui
299 771 414 791 hereditarie
429 774 449 791 et
464 777 485 791 se
500 771 587 796 posuerit
602 771 623 790 in
638 771 727 790 seisinam
743 777 824 790 vacuam
840 771 880 790 sine
896 771 1024 794 oontentione,

227 808 314 824 vacuam,
321 802 369 824 dico,
377 801 441 821 animo
448 804 468 821 et
475 807 561 826 oorpore,
569 801 635 820 statim
641 801 718 820 habebit
726 801 807 820 liberum
814 803 946 820 tenementum
953 801 973 820 in
981 801 1024 826 ipsa

227 831 369 851 coniunctione:
379 831 419 850 sine
429 831 551 851 coutentium
561 831 609 853 dico,
619 831 724 850 seeundum
734 831 785 856 quod
795 831 893 850 contentio
902 831 953 850 iusta
964 831 1024 850 fuerit

227 861 258 880 vei
264 861 361 883 iniuriosa,
368 863 388 880 et
394 861 499 880 secundum
505 861 557 886 quod
564 861 652 885 superius
659 861 732 880 dietum
739 863 774 880 est.
783 861 834 880 Item
841 861 908 880 eodem
914 861 972 880 modo
980 867 1024 880 cum

227 891 257 910 ius
264 893 284 910 et
291 891 385 916 possessio
391 890 493 910 coniuncta
501 890 588 910 fuerint¹¹
596 891 616 910 in
623 891 679 910 unica
687 893 706 910 et
714 891 781 910 eadem
788 897 877 915 persona,
885 893 905 910 et
913 890 948 910 sub
956 891 1023 910 eadem

227 920 366 943 mniunetione,
375 927 400 940 ex
409 926 529 945 quacumque
537 926 596 939 causa
605 920 743 945 adquisitionis,
753 926 797 940 eum
806 920 849 945 ipsa
859 920 894 939 re¹¹
903 920 1023 940 transferan-

227 953 260 970 tur
269 950 294 969 ad
303 950 368 973 alium,
378 950 410 970 ilie
419 950 452 975 qui
461 950 531 975 accipit
540 950 605 969 statim
615 950 673 969 habet
682 952 791 975 utrumque,
802 952 821 969 et
830 956 866 975 per
876 956 993 975 consequens
1003 950 1023 969 in

227 980 270 1005 ipsa
283 980 387 1000 traditione
401 980 467 999 statim
480 980 538 999 hebet
551 980 633 999 liberum
646 982 784 999 tenementum.
800 980 821 999 Si
836 982 902 999 autem
916 980 969 999 fsets
984 980 1022 999 sit¹'

227 1010 306 1029 donatio
316 1010 340 1029 de
351 1016 371 1029 re
382 1009 450 1032 aliena,
461 1010 492 1029 vel
502 1012 570 1029 eontra
581 1010 727 1029 conventionem
737 1009 768 1028 vel
778 1010 908 1029 condicionem
919 1010 950 1029 vel
961 1010 1022 1029 intru-

226 1040 299 1059 sionem
312 1040 342 1059 vel
354 1040 479 1062 disseisinam,
492 1046 598 1064 numquam
610 1039 647 1059 erit
659 1039 685 1058 ibi
697 1039 791 1064 possessio
804 1040 861 1059 firma
873 1042 893 1059 et
905 1039 975 1062 valida,
988 1040 1022 1059 sed

225 1072 293 1089 tenera
302 1070 338 1089 erit
347 1076 446 1094 quousque
455 1069 582 1089 substantiam
592 1069 664 1094 ceperit
673 1069 706 1088 et¹'
715 1076 739 1088 ex
748 1071 835 1094 tempore
845 1069 904 1094 longo
913 1072 932 1089 et
942 1069 1022 1094 pacifico

226 1100 278 1124 quod
287 1099 373 1119 sufficere
381 1099 442 1124 possit
451 1105 488 1124 pro
496 1099 559 1122 titulo,
568 1099 652 1118 maxime
661 1101 730 1118 eontra
738 1105 805 1118 verum
815 1099 914 1118 dominum
924 1099 968 1118 ver·
977 1105 1022 1118 oon-

225 1132 257 1149 tra
264 1129 409 1148 conventionem
417 1131 436 1148 et
444 1129 579 1148 condicionem.
588 1128 663 1148 Contra
670 1129 783 1148 donatorem
790 1135 836 1148 vero
844 1129 889 1148 vel¹⁰
896 1129 1022 1151 venditorem,

226 1158 259 1178 et'¹
269 1158 316 1178 alios
326 1158 359 1183 qui
369 1159 398 1178 ius
407 1165 447 1178 non
456 1158 533 1181 habent,
543 1159 600 1177 firma
609 1159 645 1177 erit
655 1161 674 1177 et
684 1158 748 1177 valida
758 1160 853 1183 quantum
863 1159 889 1178 ad
898 1159 952 1181 tales,
963 1158 1022 1184 quia⁸²

226 1189 292 1208 statim
301 1189 349 1208 facit
358 1188 439 1207 liberum
448 1190 580 1207 tenementum
589 1188 610 1207 in
619 1188 661 1213 ipss
670 1188 779 1207 traditione.
789 1188 819 1207 Et
828 1188 855 1207 sic
864 1189 955 1208 adversus
965 1195 1021 1213 quos-

226 1218 271 1238 dam
278 1218 315 1238 erit
322 1218 386 1237 valida
394 1218 418 1237 sb
426 1218 486 1240 initio,
493 1218 578 1237 invalida
586 1220 651 1237 autem
658 1220 678 1237 et
686 1220 753 1237 tenera
761 1220 855 1243 quantum
864 1218 890 1238 ad
898 1218 950 1238 alios.

225 1272 231 1281 ¹
237 1272 314 1292 habuerit,
321 1273 368 1288 MSS.
374 1278 407 1288 var.
423 1272 430 1280 ⁸
436 1272 476 1291 Om,
482 1273 517 1291 OB,
523 1272 561 1291 MA,
567 1273 606 1291 ΜΒ,
612 1273 645 1288 ΟΕ.
662 1272 668 1281 ¹
674 1273 745 1291 donator,
751 1273 772 1291 V,
778 1273 811 1288 ΟΒ.
830 1272 836 1281 ¹
842 1275 863 1292 et,
870 1273 909 1292 MG,
916 1273 952 1289 CM.
970 1272 977 1281 ⁸
982 1278 1022 1292 eum,

225 1298 259 1317 OC,
269 1298 307 1317 MG,
317 1298 354 1313 CM.
374 1298 387 1306 ¹⁰
393 1298 423 1316 vel,
432 1298 451 1316 V,
461 1298 500 1317 MG,
509 1298 546 1317 CM,
556 1298 589 1317 LA,
599 1298 632 1313 OC.
653 1298 665 1307 ¹¹
671 1303 711 1317 eum,
720 1298 754 1316 OC,
764 1298 803 1317 MG,
812 1298 849 1314 CM.
870 1298 883 1307 ²¹
889 1298 930 1317 Om„
939 1299 974 1317 ΟΒ,
983 1299 1021 1314 ΜΒ.

226 1322 239 1331 ¹¹
245 1324 280 1341 nisi,
287 1323 307 1342 V,
314 1323 361 1338 MSS.
369 1328 401 1338 var.
419 1322 433 1332 ¹⁴
438 1325 536 1341 concurrant,
544 1323 564 1342 V,
570 1323 606 1342 ΟΒ,
613 1323 654 1341 ΜΒ;
661 1325 729 1342 meur-t,
737 1324 774 1339 MA.
793 1323 806 1332 ¹⁸
812 1325 843 1339 sint
850 1324 875 1339 vel
883 1324 947 1342 fuerint,
955 1324 974 1343 V,
983 1324 1022 1343 MG,

226 1348 266 1366 ΟΜ,
275 1348 335 1363 fuerint
343 1348 368 1364 vel
376 1348 440 1367 inerint,
449 1349 482 1364 OC.
502 1348 515 1357 ’⁸
521 1348 561 1367 Ona,
570 1348 605 1367 ΟΒ,
614 1349 652 1367 ΜΒ,
663 1349 691 1368 (4-
698 1349 746 1368 MA).
766 1349 779 1358 ¹⁷
786 1349 839 1368 fuerit,
848 1350 883 1368 ΟΒ,
893 1350 931 1369 MA,
940 1349 978 1368 MB,
988 1350 1022 1368 GE,

226 1373 245 1388 Y.
264 1373 277 1381 ¹¹
283 1373 323 1391 Om„
331 1373 369 1392 MA,
376 1373 415 1392 ΜΒ,
422 1373 455 1392 CE,
463 1374 485 1392 Y;
492 1379 543 1392 -ιι,
550 1374 584 1389 ΟΒ.
603 1374 616 1382 ¹¹
622 1374 663 1393 Onu„
670 1374 707 1392 οΒ;
715 1376 736 1393 et,
744 1375 782 1394 MA,
790 1375 828 1393 ΜΒ,
836 1375 857 1394 Y,
865 1375 897 1390 (ΣΕ.
917 1374 930 1384 '⁰
936 1375 976 1394 On,
984 1375 1022 1393 OB;

225 1399 246 1416 et,
255 1398 292 1416 MA,
301 1398 339 1417 ΜΒ,
347 1399 381 1417 CE,
389 1399 408 1414 Y.
427 1398 440 1407 ¹¹
446 1398 476 1418 vel,
484 1399 523 1418 ΜΘ,
531 1399 568 1414 CM.
587 1399 601 1408 ¹⁸
606 1400 638 1419 qui,
646 1400 681 1419 ΟΒ,
690 1400 710 1418 Y,
718 1400 756 1419 MA,
765 1400 802 1416 ΜΒ.
