1173 1660
465 146 495 162 DE
507 146 644 162 ACTIONIBUS
917 149 953 166 821

159 183 185 202 eit
194 184 246 208 quod
255 190 364 208 regressum
373 190 412 203 non
421 184 491 203 habeat
500 184 525 203 ad
535 184 619 203 actiones
629 184 735 206 inferiores,
746 185 791 209 quis.
800 187 847 204 tunc
856 185 955 210 inceptum

159 215 188 232 est
196 213 289 238 placitum
297 219 341 232 cum
349 213 421 232 effectu
429 220 465 238 per
473 214 529 233 breve
537 214 561 233 de
570 216 628 233 reem.
636 214 722 236 Quidam
731 216 795 233 sutem
804 214 870 233 dicunt
879 217 954 233 contra-

159 243 215 265 rium,
226 243 278 268 quod
288 249 328 262 non
338 245 367 262 est
378 243 477 268 inceptum
486 249 531 262 eum
541 243 613 263 effectu
624 246 728 268 antequam
739 244 866 263 summonitus
878 250 954 269 eompa-

159 273 219 292 ruerit
226 275 246 292 et
253 273 278 292 ad
286 273 343 292 breve
351 272 486 298 responderit¹⁰
493 273 523 292 vel
531 276 640 293 warantum
647 274 743 292 vocaverit
751 273 782 292 vel
790 273 871 293 ulterius
879 280 954 298 prooes-

159 300 211 321 serit.
221 302 260 321 Sed
269 309 290 321 re
298 309 345 321 vera
353 302 435 322 suffieit¹¹
445 303 461 321 si
469 303 504 322 fiat
513 305 535 322 ut
544 303 607 328 primo
616 303 689 322 dietum
697 305 732 322 est.
742 303 771 322 Et
780 303 820 322 haec
829 310 875 322 vera
884 305 930 322 sunt
939 303 955 322 si

159 332 216 351 breve
226 338 262 357 per
272 332 324 357 quod
334 332 384 351 actio
394 332 471 357 incepta
481 334 510 351 est
521 335 586 352 teneat
597 333 617 351 in
628 339 663 352 suo
673 339 724 352 casu.
736 333 766 352 Ut
777 332 807 352 si¹¹
818 333 878 352 assisa
887 332 955 352 mortis

159 362 283 381 antecessoris
289 362 394 387 impetrata
401 362 460 381 fuerit
467 365 487 382 et
494 369 533 381 non
539 363 619 382 iacuerit
626 362 676 381 inter
683 365 754 387 partes,
761 369 798 387 pro
805 369 844 382 non
851 362 956 387 impetrata

158 391 287 416 reputabitur,
293 394 313 411 et
319 392 362 411 ideo
369 392 483 411 descendere
490 392 562 417 poterit
568 394 636 417 petens
643 392 668 411 ad
675 392 754 411 assisam
760 398 814 411 novae
821 392 923 411 disseisinae
930 392 955 411 ad

159 421 248 441 seisinani
254 421 355 446 propriam
362 421 533 446 recuperandam.¹¹
541 422 617 441 Eodem
625 422 682 441 modo
689 422 766 441 videtur
773 422 825 447 quod
831 428 873 442 esse
880 422 955 444 debeat,

158 452 175 471 si
182 452 224 476 quis
231 458 277 471 usus
284 452 344 471 fuerit
350 454 370 471 et
377 451 509 476 impetraverit
516 458 599 476 parvum
607 452 664 471 breve
671 452 695 471 de
703 454 755 471 recto
763 452 869 471 seeundum
876 458 954 471 consue-

158 481 246 500 tudinem
252 481 332 500 manerii
339 481 411 500 domini
418 481 474 506 regis,
481 481 514 500 ubi
521 481 634 506 impetrasse
641 481 707 501 debuit
714 488 807 506 magnum
814 482 872 501 breve
879 484 954 506 patens.

160 511 181 529 Si
190 517 213 530 eo
222 510 303 530 utamr‘*
312 510 435 530 nihilominus
443 517 552 535 regressum
561 511 638 530 habebit
648 511 673 530 ad
683 510 740 530 breve
749 517 842 536 magnum
852 511 877 530 ad
888 513 954 536 peten-

159 541 206 560 dum
215 541 296 560 liberum
305 543 442 563 tenementum,
452 543 471 560 et
480 547 490 560 e
499 541 601 560 contrario.
611 541 664 563 Quia
672 547 716 560 eum
725 541 746 560 in
755 547 789 560 suo
798 546 844 560 casu
853 547 893 560 non
902 540 954 560 sine·

159 570 268 595 impetrata,
278 570 322 589 ideo
331 570 390 590 nulla.
401 570 422 590 Si
432 573 497 590 autem
506 573 588 595 utraque
598 570 648 590 actio
657 570 740 589 duorum
750 577 815 589 versus
825 577 886 589 unum
896 577 955 595 super

159 600 284 625 proprietate,
298 602 317 619 et
330 600 362 619 ubi
375 602 457 625 uterque
470 606 527 625 agere
540 600 626 625 poterit¹'
639 602 680 619 tam
693 606 752 625 super
764 600 883 625 possessione
897 606 955 624 quam

158 637 217 655 super
225 630 350 655 proprietate,
358 630 391 649 sed
399 630 474 649 ratione
481 630 601 649 diversorum
608 632 718 655 temporum
726 636 802 654 semper
810 630 834 649 de
842 629 911 649 ultima
919 629 954 649 sei-

159 660 213 679 sina¹'
222 660 276 685 prius
284 660 321 679 erit
329 660 488 685 cognosoendum.
497 660 526 679 Et
534 660 549 679 si
558 659 582 679 de
590 659 658 679 ultima
666 659 735 686 seisina
743 662 831 679 constare
839 665 879 678 non
887 659 954 684 possit,

158 692 205 709 tunc
212 690 325 709 observetur
332 690 384 714 quod
391 689 461 709 dieitur
468 689 534 714 quod¹⁸
542 689 574 714 qui
582 689 636 714 prius
644 689 731 714 appellat
739 689 793 714 prius
802 691 854 713 agat,
864 688 954 712 <Item”

158 719 225 739 incidit
234 719 350 744 quandoque
359 719 438 744 quaestio
448 719 572 744 proprietatis
582 719 603 738 in
613 719 707 738 actionem
717 719 833 738 intentatam
843 725 902 743 super
912 718 955 743 ipss

158 749 282 774 possessione,
293 749 332 768 sive
343 749 481 774 possessorium
491 749 598 768 intentetur
609 755 667 767 causa
677 748 813 773 recuperandis
824 748 953 773 possessionis,

158 779 207 798 sicut
216 779 236 798 in
245 778 304 798 assisa
312 785 366 798 novoe
375 778 482 800 disseisinae,
492 779 522 797 vel
532 778 658 803 adispicendae
668 777 797 803 possessionis,
806 778 856 797 sieut
866 778 886 796 in
895 777 954 797 assisa

158 809 225 829 mortis
235 809 365 828 antecessoris.
376 808 405 828 Et
415 815 453 833 quo
463 814 508 827 casu
519 808 576 827 simul
587 808 702 833 quandoque
712 807 834 827 intentatur¹⁰
844 807 954 832 proprietas

158 845 202 858 eum
213 839 304 864 petitorio
315 838 385 858 iudicio
396 838 460 863 quoad
472 838 602 863 cognitionem
613 837 737 863 possessionis
749 840 769 857 et
781 844 820 856 non
833 837 897 862 quoad
909 843 954 862 pro-

158 869 299 888 nuntiationem
307 875 366 893 super
373 868 499 893 proprietate.
507 868 536 887 Et
545 868 614 892 saepius
622 867 771 892 inquirendum¹¹
780 867 816 886 erit
825 867 849 886 de
858 867 900 892 ipsa
909 873 953 892 pro-

158 900 241 924 prietate
253 901 275 919 ut
288 899 311 918 de
324 899 442 924 possessione
454 898 516 923 magis
528 900 616 917 constare
629 898 695 923 possit,
709 900 728 917 et
741 898 767 917 sic
780 897 841 916 nihi?
853 903 954 916 commune

158 929 216 949 habet
229 929 337 954 possessio''
350 935 394 948 eum
408 928 528 953 proprietate
541 928 605 953 quoad
619 928 802 953 pronuntiationem,
817 927 861 946 licet
876 927 953 952 quosd¹¹

157 959 306 984 eognitionean.¹⁸
317 959 354 978 Vel
363 959 401 978 diei
410 958 482 984 poterit
492 959 544 983 quod
554 958 600 977 nihil
610 965 711 977 commune
720 958 792 977 habeut
802 958 866 982 quoad
876 957 953 977 decisio-

157 996 207 1012 nem,
215 989 286 1009 habent
294 989 374 1008 tamen¹⁶
381 995 482 1008 commune
490 989 554 1013 quoad
561 988 704 1013 cognition-1¹⁷
712 991 735 1008 ut
743 988 856 1013 praedictum
864 990 899 1010 est,
909 988 954 1013 quis

158 1020 210 1039 forte
218 1020 274 1039 aliter
280 1020 339 1039 iudex
347 1026 386 1039 non
394 1022 458 1044 posset
466 1025 580 1044 cognoscere
588 1019 612 1038 de
620 1025 665 1041 uno,
674 1019 744 1038 seilicet
753 1019 777 1038 de
785 1018 909 1043 possessione,
917 1018 953 1038 nisi

158 1052 281 1075 cognosceret
289 1050 313 1069 de
321 1050 400 1074 reliquo,
410 1049 480 1069 seilicet
489 1050 513 1069 de
521 1049 646 1074 proprietate.
656 1049 793 1068 Pronuntiatio
802 1055 848 1068 vero
856 1048 954 1068 iustitiarii

158 1080 194 1099 erit
203 1086 261 1105 super
270 1080 393 1105 possessione.
403 1080 431 1099 Et
441 1080 548 1099 notandum
556 1079 608 1104 quod
617 1079 696 1098 verbum
706 1079 829 1104 possessionis
838 1079 954 1103 quandoque

158 1110 238 1135 ponitur
246 1116 282 1135 pro
291 1117 311 1129 re
320 1116 407 1135 possessa
415 1112 435 1129 et
443 1110 558 1135 quandoque
567 1116 604 1134 pro
612 1109 763 1132 restitutione>

208 1140 269 1160 Fallit
277 1141 298 1160 in
306 1143 390 1166 quatuor
398 1140 477 1160 casibus.

159 1171 211 1190 CUM
220 1174 285 1190 autem
293 1171 318 1190 ab
325 1178 365 1190 uns.
372 1174 428 1196 parte
437 1171 502 1196 plures
510 1171 594 1190 actiones
603 1171 666 1190 civiles
674 1173 810 1196 proponantur
818 1176 884 1189 versus
893 1176 954 1189 unum

149 1225 171 1243 ,Μ’
177 1226 282 1246 respondebit,
289 1226 328 1245 uo,
335 1226 375 1245 cm
383 1226 468 1246 respondit,
476 1226 513 1242 Min
532 1226 544 1235 ¹¹
551 1225 591 1245 cmi,
599 1226 634 1245 os,
642 1226 680 1245 MA,
688 1226 728 1244 um
736 1225 805 1244 suffici-t,
813 1225 832 1241 v.
851 1224 865 1233 ¹²
870 1225 911 1243 οη,
919 1224 953 1243 01³,

158 1251 196 1270 MA,
207 1252 245 1266 ΜΒ.
266 1251 279 1260 ¹¹
285 1251 395 1271 recipiendam,
405 1251 440 1270 ΟΒ,
450 1251 489 1270 ΜΒ,
499 1251 532 1267 CE.
553 1251 566 1260 ¹¹
572 1253 649 1270 teneatur,
660 1251 695 1270 OB,
706 1251 743 1270 MA,
755 1251 792 1266 Mis.
814 1250 827 1259 ²³
833 1252 875 1268 nunt,
886 1250 906 1268 V,
917 1250 953 1268 CE;

158 1276 195 1295 fuit,
202 1276 236 1295 OC,
244 1277 284 1295 CM;
292 1281 307 1292 n.
316 1278 337 1292 nit
344 1277 387 1296 imp.,
395 1277 433 1292 MA.
452 1276 465 1284 ¹⁸
471 1277 526 1296 pouit,
535 1276 573 1295 MG,
582 1277 618 1292 CM.
638 1276 651 1285 ¹⁷
657 1276 697 1295 On,
706 1276 739 1291 LA.
758 1275 771 1284 ¹¹
777 1276 817 1295 Oui„
826 1276 860 1294 CR,
869 1275 907 1294 MG,
916 1275 954 1294 CM,

158 1302 193 1320 OB,
203 1301 240 1320 MA,
251 1302 288 1317 ME.
308 1301 322 1310 ”
328 1302 368 1320 Ora,
378 1302 412 1320 OA,
422 1302 455 1317 LA.
476 1301 490 1310 ¹⁰
495 1302 597 1321 intentantur,
607 1302 641 1320 OA,
652 1301 685 1320 LA,
695 1301 729 1320 OC,
739 1302 759 1320 Y,
770 1301 808 1316 ΜΒ.
829 1300 954 1320 ”inquirendum

158 1326 197 1346 MG,
205 1327 241 1342 CM.
260 1326 293 1335 '''''
298 1326 338 1342 nihii
346 1332 424 1342 commune
432 1327 549 1346 possessionem,
557 1326 596 1345 Mo,
604 1326 644 1345 cM;
652 1326 691 1342 nihil
700 1327 770 1342 convenit
779 1327 861 1346 poue-sio,
870 1326 906 1344 OC;
914 1326 954 1341 nihil

157 1353 269 1371 consequens:
277 1352 324 1367 iubet
331 1353 414 1372 poam-io,
422 1352 457 1371 01³,
465 1352 503 1367 ΜΒ.
522 1351 612 1371 *tuq-ms
619 1352 734 1371 convictionem,
743 1351 782 1370 MG,
790 1352 827 1367 cu.
846 1351 860 1360 ⁸·
866 1351 906 1370 em„
915 1351 954 1370 ΜΕ,

158 1377 195 1392 CM.
214 1376 348 1396 ”museum-un,
356 1377 440 1396 MG‚CM.
