1173 1660
435 156 465 171 DE
477 156 579 172 PLAcrms
591 156 685 172 OORONAE
922 159 959 176 335

164 193 211 213 dum
219 195 284 212 tamen
293 196 393 213 aecusatus
401 194 517 213 attachietur
525 200 586 219 usque
595 194 620 213 ad
628 196 704 213 aetatem
713 195 825 214 accusantis.
835 195 864 214 Et
873 195 909 214 hoe
917 195 960 214 dieo

164 223 211 242 dum
218 225 284 242 tamen
292 223 317 242 sit
324 223 356 242 ille
364 223 396 248 qui
404 226 481 243 aoeusat
489 224 569 248 integre
577 224 634 243 samae
642 226 662 243 et
670 230 709 243 non
717 224 835 246 criminosus,
844 225 890 249 quia
898 224 959 244 erimi-

163 253 205 272 nosi
216 253 240 271 ab
250 253 302 272 omni
313 253 433 272 accusatione
443 253 570 278 repelluntur,
581 256 603 273 ut
614 253 629 272 si
640 253 745 273 aceusansn
756 253 816 273 fuerit
827 254 878 273 latro
889 260 959 279 cogno-

163 288 216 301 scens
223 282 253 301 vel
258 282 364 307 utlagatus,
371 282 402 301 vel
408 282 472 307 aliquo
478 289 548 307 genere
555 283 631 302 feloniae
636 283 734 302 convictus
740 283 770 302 vel
776 284 909 303 convieendus.
917 284 959 303 Nec

163 311 222 331 etiam
230 311 361 331 admittuntur
369 312 394 331 ad
403 312 543 331 accusationem
552 312 572 331 in
581 312 660 332 crimine
668 312 716 332 laesae
725 313 830 332 maiestatis
839 313 904 338 aliquo
914 320 959 333 casu

163 341 318 366 oonspiratores¹⁴
325 342 356 361 vel
363 341 438 361 crimini
446 342 591 364 consentientes,
600 344 619 361 et
627 342 647 361 in
654 342 690 361 hoe
698 342 757 361 easu¹¹
766 342 850 367 pertinet
859 343 909 362 actio
917 345 959 362 tots

163 371 188 390 ad
201 373 323 390 accusantem
335 374 355 390 et
368 371 393 390 ad
405 371 469 396 ipsum
482 378 553 396 regem.
567 372 659 391 Continet
672 372 731 391 etiam
744 372 779 391 sub
793 379 813 391 se
826 373 898 392 crimen
911 372 959 392 laesoe

162 400 267 420 maiestatis
280 401 352 420 crimen
363 401 414 423 falsi,
426 401 478 426 quod
490 401 566 426 quidem
579 401 682 426 multiplex
694 404 729 424 est,
741 404 763 421 ut
771 402 791 426 ¹si
804 402 846 427 quis
859 402 959 422 falsaverit

162 430 247 455 sigillum
258 431 330 450 domini
342 431 393 455 regis
404 431 435 450 vel
446 433 543 450 monetam
555 431 657 456 reprobam
670 431 799 454 fabricaverit,
812 434 831 451 et
843 432 958 454 huiusmodi,

162 460 267 479 seeundum
277 460 329 485 quod
338 460 419 480 inferius
429 461 508 480 dicetur.
520 461 542 480 Si
551 461 576 480 sit
586 461 654 486 aliquis
664 461 697 486 qui
708 461 767 480 alium
777 462 852 481 noverit
863 468 903 481 esse
913 462 958 481 inde

161 490 276 515 culpabilem
286 490 316 509 vel
325 491 345 509 in
355 490 419 515 aliquo
428 490 556 513 criminosum,
566 491 632 510 statim
641 493 661 510 et
671 491 711 510 sine
720 491 785 515 aliquo
794 491 896 510 intervallo
906 497 957 510 ame-

161 520 207 539 dere
217 520 273 539 debet
283 519 322 538 affl*
332 520 396 544 ipsum
406 520 485 544 regem¹'
496 520 512 539 si
521 520 588 545 possit,
598 520 629 540 vel
638 520 715 539 mittere
725 521 741 539 si
751 521 815 540 venire
826 527 865 540 non
876 521 957 546 possit,'¹

161 549 205 568 vel¹'
217 550 242 569 ad
254 549 337 574 aliquem
349 549 399 574 regis
411 549 532 572 familiarem,
544 552 563 569 et
575 550 640 569 omnia
651 550 668 569 ei
680 550 804 569 manifestare
816 557 852 575 per
864 551 956 570 ordinem.

161 579 208 598 Non
215 580 266 598 enim
274 579 331 599 debet
338 579 409 598 morari
417 580 437 599 in
444 586 483 598 uno
491 580 532 598 loco
541 586 576 604 per
583 580 632 599 duas
640 582 706 599 noctes
714 580 744 599 vel
752 580 792 599 dies
801 582 904 605 antequam
913 586 956 605 per-

161 615 228 628 sonam
238 609 289 633 regis
299 609 369 631 videat,
380 615 415 628 nee
425 609 481 628 debet
493 609 518 628 ad
529 609 593 634 aliqua
604 609 682 634 negotia
692 610 779 634 quamvis
790 610 926 634 urgentissima
936 616 956 629 se

160 641 277 661 convertere,
289 638 348 663 quia⁴⁹
360 638 392 657 vix
404 638 524 663 permittitur
535 639 552 658 ei
564 639 616 663 quod
628 641 680 658 retro
693 639 778 664 aspiciat.
791 639 850 661 Quod
863 642 928 659 autem
941 639 956 659 si

160 668 199 687 ad¹¹
208 671 286 693 tempus
295 668 443 688 dissimulaverit
452 671 471 688 et
481 668 613 690 subticuerit,⁴'
623 669 677 693 quasi
686 669 806 688 consentiens
815 671 835 688 et
845 669 955 691 assentiens,

160 698 196 717 erit
206 698 295 717 seductor
304 698 376 717 domini
385 698 436 723 regis
445 698 565 720 manifestus,
575 698 615 717 sive
625 700 724 717 aecusatus
735 698 825 723 proprius
836 698 889 718 fuit⁴⁸
899 699 956 718 homo

160 728 189 747 vel
198 728 276 747 alienus.
285 728 314 747 Et
322 728 338 747 si
346 730 391 753 post
398 728 521 747 intervallum
530 734 619 747 accusare
627 728 679 750 velit,
688 734 727 747 non
735 727 786 747 eritu
794 728 818 747 de
827 728 868 747 iure
877 728 955 747 audien-

160 758 196 777 dus
204 758 241 777 nisi
250 758 317 777 docere
326 758 387 782 possit
396 764 416 777 se
425 758 485 777 fuisse
494 757 549 777 iustis
558 757 664 777 rationibus
674 757 793 782 impeditum.
806 758 827 776 Si
837 758 879 782 quis
890 760 955 777 autem

159 787 183 806 de
196 787 231 806 hoc
244 787 322 806 crimine
335 787 395 806 fuerit
406 787 540 809 diffamatus‚“
553 789 600 806 tunc
613 787 717 806 videndum
730 787 766 806 erit
780 789 846 806 utrum
860 789 955 812 appareat

159 819 259 836 :amantor
268 817 298 836 vel
308 823 353 836 non.
365 817 386 836 Si
398 819 462 836 autem
472 817 537 836 nullus
548 819 643 842 appareat
653 817 689 836 nisi
699 817 741 836 sola
751 817 810 839 fama,
822 823 864 842 quae
875 816 954 836 tamen⁴⁸

159 847 212 872 apud
221 847 280 866 bonos
289 849 309 866 et
318 853 387 871 graves
396 847 476 869 oriatur,
485 847 515 865 hie
524 847 577 866 salvo
587 846 723 866 attaehiabitur
732 853 767 871 per
777 846 839 866 salvos
848 849 868 866 et
878 853 954 866 securos

158 877 238 911 plegios,
251 877 281 896 vel
294 877 310 896 si
323 877 397 901 plegios
410 883 450 895 non
462 876 555 898 habuerit,
569 882 605 901 per
618 876 698 895 carceris
712 876 842 898 inclusionem,
856 876 916 895 donec
929 876 954 895 de

158 907 236 926 erimine
246 907 281 926 sibi
291 906 381 931 imposito
391 906 462 926 veritas
473 906 587 931 inquiratur.
598 906 627 925 Et
638 906 654 925 si
664 906 820 925 condemnandus
832 906 897 929 fuerit,
909 906 953 925 ulti-

157 943 210 955 mum
219 936 320 956 sustinebit
329 936 445 961 supplicium
454 942 498 955 eum
506 942 568 960 poenoe
576 936 715 960 aggravatione
724 936 829 960 corporalis
839 938 858 955 et
868 936 953 955 omnium

158 966 252 985 bonorum
266 966 372 988 amissione,
387 968 406 985 et
420 965 512 984 heredum
526 971 605 984 suorum
620 964 728 989 perpetua⁰
743 965 896 987 exheredatione,
911 965 953 984 ita⁴⁸

157 996 209 1021 quod
215 1002 250 1015 nec
256 996 281 1015 ad
287 996 412 1015 hereditatem
419 997 521 1020 paternam
528 994 577 1014 nee⁴'
583 996 692 1014 maternam
699 994 849 1014 admittuntur.¹⁰
856 995 895 1014 Est
902 995 952 1014 enim

156 1028 198 1045 tam
207 1032 267 1050 grave
276 1025 361 1044 aimei?
371 1025 424 1044 istud
433 1025 485 1049 quod
495 1024 528 1043 ἡκ
538 1024 658 1049 permittitur
667 1024 767 1043 heredibus
778 1025 830 1049 quod
840 1024 912 1043 vivant.
923 1025 953 1044 Et

157 1056 172 1075 si
183 1056 286 1081 aliquando
297 1055 362 1075 forte'¹
373 1055 398 1074 ad
408 1055 545 1074 successionem
556 1054 685 1074 admittantur
695 1054 750 1077 tales,
761 1054 796 1073 hoc
807 1055 870 1079 magis
880 1055 917 1074 erit
928 1055 952 1073 de

156 1086 221 1111 gratia
228 1092 287 1111 quam
294 1086 319 1105 de
326 1086 373 1105 iure.
383 1085 404 1104 Si
413 1087 478 1104 autem
486 1087 581 1109 appareat
589 1087 694 1107 accusator,
703 1087 750 1103 tune
758 1085 821 1109 primo
830 1085 919 1109 capiatur
927 1085 952 1104 ab

156 1123 178 1136 eo
187 1116 279 1135 securitas
288 1116 312 1135 de
321 1115 460 1140 prosequendo,
469 1118 488 1135 et
497 1115 513 1134 si
522 1115 596 1140 plegios
605 1121 645 1134 non
653 1114 747 1137 habuerit,
757 1114 826 1134 sufficit
836 1121 873 1140 pro
882 1115 951 1134 securi-

156 1148 197 1166 tate
208 1146 250 1166 sola
261 1146 306 1165 fidei
318 1146 377 1168 datio,
389 1148 409 1165 et
420 1145 455 1164 hoe
467 1145 509 1165 ideo
521 1145 567 1170 quia
578 1145 594 1164 si
606 1145 631 1164 ad
643 1145 717 1170 plegios
729 1145 852 1164 inveniendos
866 1145 951 1164 districte

156 1176 170 1195 f.
179 1177 225 1200 11⁹]
252 1178 357 1198 teneretur,
366 1175 398 1194 alii
406 1182 426 1195 se
435 1175 552 1195 abstinerent
562 1181 574 1194 a
582 1175 674 1194 consimili
684 1175 809 1194 accusatione.
819 1175 882 1194 Facta
891 1175 952 1200 igitur

155 1206 257 1226 securitate
267 1206 291 1225 de
301 1206 435 1231 prosequendo
444 1208 467 1225 ut
477 1206 590 1231 praedictum
600 1208 635 1228 est,
646 1205 711 1225 statim
721 1205 810 1230 capiatur
821 1208 921 1225 accusatus
931 1208 951 1225 et

155 1261 168 1270 ⁸·
174 1263 259 1280 mmm,
267 1261 305 1280 MA,
314 1261 352 1280 Mn,
359 1261 378 1276 Y.
398 1260 431 1269 Μ·
437 1260 477 1280 0m.,
485 1260 524 1279 MG,
531 1260 568 1276 eM.
587 1259 620 1269 ’Μ’
626 1260 666 1279 0111,
675 1260 708 1279 oc,
717 1260 755 1278 Mo,
764 1260 800 1275 CM.
819 1259 833 1268 ⁸·
839 1261 902 1279 poterit,
912 1260 950 1279 Mc,

154 1286 191 1302 CM.
210 1286 224 1295 ⁸·
230 1286 270 1305 om„
278 1286 313 1305 013,
320 1286 359 1304 MA,
367 1286 405 1304 Ma,
413 1286 433 1301 Y.
452 1285 465 1294 ⁴⁰
471 1287 507 1305 qui·
515 1287 560 1304 mim,
568 1286 603 1304 oc,
611 1286 650 1305 MG,
658 1285 695 1301 cM.
715 1285 727 1294 ⁰¹
734 1285 774 1304 ota„
783 1285 816 1304 LA,
825 1285 859 1304 ca,
868 1285 902 1304 oa,
912 1286 950 1304 MA,

154 1311 192 1327 Ma.
211 1311 224 1320 ⁴¹
230 1311 332 1330 summme,
341 1311 375 1330 oa,
384 1311 422 1329 MA,
430 1311 464 1329 ca,
472 1311 511 1330 MG,
519 1311 557 1329 CM,
565 1311 598 1326 oc.
618 1310 631 1319 ⁴⁸
637 1310 690 1329 fuerit,
699 1310 719 1329 v,
727 1311 747 1329 v,
756 1310 789 1329 LA,
798 1311 836 1329 MA,
845 1311 881 1326 Mc.
901 1310 950 1329 “e-t,

154 1337 191 1355 Mc,
199 1337 232 1352 LA.
250 1336 263 1345 ⁴¹
269 1336 363 1355 datm-zm,
370 1336 409 1355 Mo,
416 1336 450 1355 oc,
458 1336 498 1354 CM;
505 1337 591 1354 mus-em,
598 1336 632 1354 LA,
639 1336 676 1351 Mc.
695 1335 708 1344 ⁴¹
714 1337 779 1354 tum,
788 1336 810 1354 νς
817 1341 857 1355 eam,
865 1336 904 1354 MA,
912 1336 949 1354 cM,

154 1362 195 1380 MG;
202 1364 240 1380 tum,
246 1362 280 1377 oc.
298 1361 310 1370 ⁴¹
317 1361 357 1380 οη,
364 1361 398 1380 OB,
406 1361 444 1380 MA,
451 1361 489 1381 na,
497 1361 536 1379 ιω,
543 1361 580 1380 cM,
587 1361 620 1376 ool
639 1360 672 1370 Μ’
678 1361 718 1380 οη,
726 1361 765 1379 MG,
773 1361 809 1376 CM.
828 1361 877 1380 ⁴·v01,
884 1362 905 1380 v,
912 1361 948 1380 ca;

153 1392 182 1402 me
189 1386 215 1405 ιιι,
222 1387 256 1402 01³.
274 1386 287 1395 ⁸¹
293 1386 334 1405 οη,
341 1386 376 1405 01³,
383 1386 421 1405 MA,
429 1387 466 1402 Ma.
485 1386 544 1405 ¹¹0:11„
552 1386 586 1405 cz,
594 1386 613 1402 Y,
