1173 1660
147 566 172 584 F.
180 567 216 584 188

147 748 171 767 F.
180 750 216 767 184

147 1052 172 1071 F.
180 1054 216 1071 1³⁵

462 163 628 179 marmarum
920 165 944 183 18

230 201 282 220 Item
290 201 306 220 si
314 200 346 220 ille
354 201 386 225 qui
394 201 476 220 interfici
484 201 550 220 debuit
558 207 616 220 ssnus
624 203 644 220 et
652 201 707 220 vivus
715 201 799 220 redierit.

230 232 294 251 Breve
301 232 325 251 de
332 238 355 251 eo
362 232 394 256 qui
401 232 484 251 interfici
491 232 563 254 debuit,
571 232 587 251 si
595 238 652 251 sanus
660 234 679 251 et
687 232 741 251 vivus
749 234 863 251 revertatur.

229 263 262 282 De
269 263 388 287 inlagetione
395 265 415 282 et
422 263 447 282 md
455 269 497 287 quae
504 263 618 282 restituatur
626 263 729 287 inlsgntus.

230 293 339 313 Iudicands
346 294 383 313 erit
390 300 449 312 csuss
457 293 520 318 primo
528 295 573 313 ante
582 294 720 318 inlagstionem
729 300 765 318 pro
774 300 812 318 qun
821 294 860 313 fuit
868 294 944 318 utlaga-

279 325 318 345 tus,
328 326 351 343 ut
362 323 437 342 facilius
448 323 563 342 admittatur
574 323 599 342 ad
610 329 678 348 pacem
688 323 794 343 seeundum
805 330 883 343 causam
893 324 944 343 utla-

279 352 369 377 gationis.

230 384 282 403 Item
290 383 344 403 nulla
352 383 430 403 omnino
438 389 501 402 causa.

230 414 277 434 Non
284 414 393 434 restituitur
400 414 442 439 quis
449 414 486 433 nisi
493 416 570 433 tantum
578 414 603 433 ad
611 420 684 439 pacem.

230 446 282 465 Item
291 446 341 464 iuste
351 445 451 470 utlagatus
461 447 481 464 et
491 445 527 464 rite
537 451 576 464 non
586 445 695 464 restituitur
705 445 741 464 nisi
752 448 830 464 tantum
840 446 865 464 ad
876 452 944 470 pacem

279 475 332 500 quod
338 475 366 494 ire
372 475 433 499 possit
440 477 460 494 et
466 474 528 494 redire
534 477 554 494 et
561 481 629 499 paoem
635 475 711 497 habere,
718 477 738 494 et
744 475 769 494 sd
777 475 861 494 aetiones
868 475 943 495 restitui

279 511 319 523 non
328 506 393 529 potest
402 510 437 523 nec
447 504 472 523 sd
482 504 525 526 slis,
535 505 580 529 quis
590 507 619 523 est
630 505 683 529 quasi
693 504 759 524 infans
768 505 826 524 modo
836 505 914 529 genitus
924 507 944 524 et

279 534 336 553 homo
344 534 399 558 quasi
407 534 465 553 modo
473 534 556 558 genitus-

230 565 284 588 Quid
291 565 331 584 selo
339 565 453 584 forisfaciat.

230 596 282 615 Item
292 596 421 615 restituuntur
431 595 470 620 legi
479 596 563 615 maxime
573 596 594 614 in
604 595 740 618 criminalibus,
751 596 803 620 quod
813 596 850 621 ipsi
861 596 903 615 aliis
914 602 943 615 re-

279 625 394 650 spondeant,
402 628 422 644 et
431 625 462 644 alii
470 625 517 650 ipsis
525 631 570 645 non.
579 626 606 645 111
614 625 699 645 civilibus
708 632 754 645 vero
762 626 799 650 ipsi
808 626 855 645 aliis.

229 657 273 676 Rex
282 656 363 676 remittit
371 657 398 675 eis
407 663 462 675 susm
470 658 541 675 sectam
549 656 590 675 sine
598 656 708 681 praeiudicio
717 657 804 676 aliorum.

230 687 251 706 Si
260 687 285 707 sit
293 687 326 712 qui
334 693 399 706 versus
408 694 452 706 eum
461 687 513 712 loqui
521 687 603 706 voluerit
612 693 656 706 cum
665 687 725 706 fuerit
733 687 837 712 inlagatus,
846 688 943 712 oportebit

279 717 331 742 quod
337 723 403 736 versus
410 717 475 741 ipsum
480 717 572 741 loquatur
578 723 614 741 per
621 717 679 736 verbs
686 717 764 742 appelli.

230 748 282 767 Item
291 748 306 767 si
315 749 418 767 antenatus
427 747 478 767 filius
487 754 511 767 ex
520 747 608 772 pluribus
617 747 709 767 felonism
719 748 787 767 fecerit
796 748 816 767 in
825 748 866 767 vita
875 748 942 773 putris,

278 780 298 797 et
307 777 366 796 fuerit
375 777 475 801 utlagatus
483 777 504 796 in
511 777 552 796 vita
560 777 628 802 patris.

229 808 280 827 Cum
288 808 388 833 utlagatus
396 810 465 833 captus
475 807 540 830 fuerit,
549 814 589 827 non
597 808 653 827 alicui
662 808 736 827 licitum
744 811 773 828 est
783 815 827 827 eum
836 809 943 828 interficere

279 838 315 857 nisi
323 838 344 857 in
352 838 395 862 ipss
403 838 492 862 captione
500 844 520 857 se
528 838 627 857 defendat.

228 869 341 894 Aliquando
350 869 423 893 poterit
431 875 466 888 rex
475 868 500 888 de
509 875 544 888 sua
552 868 617 893 gratia
626 868 686 888 vitam
695 869 799 888 concedere
808 869 908 888 restitutis.

228 900 261 919 De
270 899 371 919 homicidio
381 899 433 924 quod
443 899 508 924 palam
517 902 537 919 et
546 899 634 924 plu-ribus
645 899 752 919 astantibus
762 902 897 925 perpetratum
907 902 942 922 est,

279 932 298 949 et
308 931 377 954 postes
386 929 411 948 de
420 929 521 948 homicidio
532 929 583 954 quod
594 929 648 948 nullo
658 931 752 954 praesente
762 932 897 954 perpetratum
907 932 942 952 est,

278 962 299 978 et
307 959 359 984 quod
368 959 438 978 dieitur
446 959 553 978 murdrum.

228 990 278 1013 Quae
286 996 343 1009 causs
351 990 466 1009 inventionis
474 990 604 1009 murdrorum.

229 1021 283 1043 Quid
291 1020 362 1040 dicitur
370 1021 477 1039 murdrum.

230 1051 319 1074 Qualiter
327 1051 392 1076 patria
400 1053 504 1070 excusatur
512 1057 523 1070 s
530 1051 616 1070 murdro.

230 1083 251 1102 Si
259 1082 372 1102 interfector
380 1084 449 1107 captus
457 1082 516 1101 fuerit
524 1082 600 1101 nullum
608 1082 644 1101 erit
652 1082 759 1101 murdrum,

230 1114 251 1133 Si
259 1114 331 1133 mortui
339 1113 413 1132 fuerint
421 1119 456 1138 per
464 1112 599 1132 infortunium.

230 1144 281 1164 Item
289 1144 304 1163 si
312 1144 332 1163 in
339 1144 389 1163 mari
395 1144 426 1163 vel
433 1144 473 1163 eius
481 1143 530 1168 ripa.

230 1175 251 1195 Si
260 1177 348 1194 mortuus
358 1175 459 1199 ignoretur
467 1175 512 1194 licet
522 1174 624 1198 Anglicus,
633 1174 735 1193 murdrum
744 1174 787 1193 erit.

229 1206 319 1229 Qualiter
334 1206 403 1225 debeat
418 1205 520 1225 murdrum
536 1205 648 1230 praesentsri
664 1205 769 1224 seeundum
785 1205 943 1224 consuetudinem

279 1237 397 1256 diversorum
409 1236 540 1255 comitatuum.
553 1236 579 1255 In
590 1235 659 1260 quibus
670 1242 716 1254 vero
727 1235 849 1255 eomitatibus
860 1241 942 1260 praesen-

278 1269 333 1286 tatur
342 1266 373 1286 sic.

228 1298 270 1317 Pro
278 1297 363 1322 Anglioo
371 1304 417 1316 vero
425 1299 444 1316 et
453 1297 477 1316 de
485 1303 523 1321 quo
532 1299 620 1316 onustare
628 1296 689 1321 possit
698 1296 749 1321 quod
758 1296 854 1321 Anglieus
863 1296 894 1318 sit,
903 1303 942 1315 non

278 1330 407 1353 praesentatur
415 1327 560 1351 Englescheris..

230 1360 251 1379 Si
262 1361 327 1379 nutem
339 1358 419 1379 dubium
430 1358 490 1377 fuerit
501 1360 567 1377 utrum
578 1357 674 1382 Anglieus
686 1360 706 1377 et
717 1359 784 1376 utrum
795 1359 885 1382 parentes
897 1364 942 1382 pro-

279 1389 332 1408 ducti
340 1389 380 1408 eius
388 1388 427 1408 sint
435 1388 466 1407 vel
474 1394 519 1407 non.
