1173 1660
374 161 405 176 DE
416 160 568 179 ADQUIRENDO
579 161 658 176 RERUM
670 161 771 176 DOMINIO
935 163 972 180 209

176 198 323 217 constitutionis.
335 198 401 218 Item¹⁷
411 198 436 217 ab
446 198 501 218 initio
511 198 616 218 constitui¹'
627 198 698 223 poterit
709 199 744 218 dos
755 198 775 218 in
786 205 806 218 re
817 201 870 218 certa
881 201 900 218 et
911 199 971 218 nomi-

177 230 229 250 nata,
239 227 272 247 et¹⁸
281 234 302 247 re
312 228 399 247 incerta¹⁰
408 230 428 247 et
437 234 476 247 non
486 228 591 247 nominata.
602 228 627 247 In
637 235 658 247 re
667 230 720 248 certa
730 231 749 247 et
759 228 878 250 nominata,¹¹
889 228 938 247 sicut
948 229 972 248 de

176 257 240 282 aliquo
250 257 335 276 manerio
345 260 398 277 certo
408 258 432 277 de
442 258 577 282 cuiuscumque
588 258 645 277 feodo
655 258 747 280 extiterit,
758 264 802 277 cum
812 258 841 277 vir
851 258 909 283 plura
919 260 972 277 tene—

176 289 242 306 menta
249 290 314 307 teneat
321 287 345 306 de
352 287 431 306 diversis
439 287 500 307 feodis
508 287 541 306 et¹'
548 288 627 307 diversis
635 287 716 306 dominis
724 287 845 312 capitalibus,
853 287 898 312 quia
906 294 972 307 secun-

176 316 223 336 dum
231 317 282 341 quud
290 317 404 341 praedictum
412 319 446 339 est,
454 317 475 336 in
482 317 573 336 electione
581 317 617 336 viri
626 317 669 336 θεῖ’·
677 317 701 336 de
709 317 763 336 cuius
772 317 829 336 feodo
837 317 884 336 velit
892 323 972 336 uxorem

177 353 231 365 suam
241 346 355 366 nominatim
366 347 439 369 dotare,
450 347 496 366 dum
507 349 573 366 tamen
583 347 691 366 manerium
701 347 750 366 illud
761 353 800 366 non
811 347 835 366 sit
846 349 906 372 caput
917 347 972 366 baro-

176 376 218 398 niae,
230 376 246 395 si
257 376 316 401 plura
326 376 365 395 alia.
375 376 460 395 maneria
472 376 560 396 habuerit
572 382 614 401 quae
626 382 665 395 non
678 376 737 395 sunt’‘
749 377 813 401 capita
825 376 914 399 bai-onim,
927 376 972 401 quia

176 406 283 425 manerium
292 406 344 430 quod
353 408 382 425 est
390 408 450 430 caput
459 405 542 425 baroniae
550 406 625 431 integre
634 406 741 425 remanebit
749 406 813 425 heredi
823 408 843 425 et
851 408 939 425 waranto
948 406 972 425 de

177 435 222 455 dote
233 442 274 458 sua,
285 442 330 454 cum
341 436 385 455 inde
397 436 460 455 dotari
472 442 512 455 non
523 435 598 458 debeat,
610 436 626 455 si
638 436 662 455 de
674 436 715 455 aliis
727 436 783 455 terris
795 436 885 461 consequi
897 436 972 461 possit¹¹

177 465 241 484 dotem
250 471 310 484 suam.
320 465 349 484 Et
358 465 383 484 de
391 465 427 484 hac
435 465 516 484 materia
525 465 606 484 inveniri
615 465 687 490 poterit
696 465 720 484 de
729 465 812 484 termino
822 466 899 485 Sanctae
908 466 972 485 Trini-

176 494 222 514 tntis
230 501 281 514 anno
288 494 353 519 regis’¹
361 494 443 514 Henn‘ci
451 497 526 519 quarto,
534 495 627 514 munitatu
636 495 787 517 Nol-hamtoniae,
795 495 819 514 de
827 495 940 514 Theobaldo
948 495 972 514 de

177 524 279 544 Laseelles.
289 525 318 544 Et
327 525 343 544 si
353 524 411 549 plum
419 524 505 544 maneria
515 525 553 544 sint
563 524 583 544 in
593 524 698 544 hereditate
708 531 750 549 quie
760 524 798 544 sint
808 524 873 549 capita
883 525 971 547 hai-onim,

176 554 191 573 f.
199 554 246 577 981⁷]
274 556 321 573 tunc
331 554 383 579 quod
393 554 417 573 de
427 560 466 573 uuo
476 554 562 573 mmerio
571 554 606 573 tali
617 554 689 573 dictum
700 556 729 573 est
740 554 774 573 fiat
785 554 809 573 de
820 554 914 579 pluribus,
925 554 971 573 dum

176 585 241 602 tamen
253 590 303 602 uxor
314 583 359 602 alibi
371 584 436 603 dotem
448 584 537 608 consequi
549 584 616 609 possit.
628 584 687 606 Quod
700 584 715 603 si
727 590 766 603 non
778 584 845 609 possit,
858 586 935 609 oportet
948 584 972 603 de

176 613 288 633 necessitate
298 613 349 638 quod
360 613 415 633 aliter
425 613 466 635 fiat,
476 619 520 632 cum
529 613 631 633 necessitas
642 613 677 633 sub
687 613 729 638 lege
740 620 779 632 non
788 613 916 636 contineatur,
927 614 972 638 quia

177 643 228 667 quod
240 643 287 662 alias
300 649 339 662 non
351 645 381 662 est
393 643 466 662 licitum
478 643 580 662 necessitas
593 643 667 662 licitum
680 643 733 662 facit.
747 643 786 662 Sed
800 643 851 668 quod
865 643 935 662 dicitur
947 643 971 662 de

176 672 255 691 baronia
263 679 302 691 non
309 675 339 692 est
346 672 487 692 observandum
494 673 515 692 in
523 673 632 692 vavassoria
640 672 671 692 vel
679 673 720 692 aliis
729 673 834 692 minoribus
842 673 904 692 feodis
913 679 972 698 quam

175 701 261 724 baronia,
268 702 314 726 quia
319 704 379 727 caput
386 708 424 721 non
431 702 516 721 habentfl
524 702 588 721 sieut¹¹
594 702 679 721 baronia.
687 702 716 721 Et
724 702 776 727 quod
783 702 853 721 dicitur
860 702 885 722 de
892 702 972 721 baronia

176 734 195 751 et
205 732 276 751 barone
286 732 358 751 servari
368 731 425 751 debet
434 732 454 750 iu
463 732 556 751 comitatu
565 734 586 751 et
595 732 670 754 comite,
681 732 720 751 sive
730 734 815 751 castrum
826 732 851 751 ibi
862 732 921 751 fuerit
932 732 971 751 sive

176 768 220 781 non.
233 762 285 781 Cum
296 763 361 780 autem
374 761 435 786 possit
447 767 496 780 uxor
508 761 573 780 dotem
585 761 704 780 nominatum
716 761 762 780 alibi
773 762 864 786 consequi
876 768 935 786 quam
947 762 971 781 de

175 792 261 811 manerio
271 791 323 816 quod
335 794 364 811 est
374 794 434 816 eaput
444 791 533 814 bal-onie,
544 793 564 810 et
574 791 592 810 ei
602 791 677 816 petenti
687 791 753 811 dotem
764 791 788 810 de
799 792 834 810 tali
844 792 930 811 manerio
942 798 970 811 re-

175 822 295 847 spondeatur
304 822 356 846 quod
366 822 431 841 dotem
441 822 485 841 inde
495 821 565 841 habere
575 828 615 841 non
625 821 694 841 debeat
704 821 797 847 praedicta
807 822 887 844 ratione,
898 824 918 841 et
929 822 971 847 ipsu

175 858 186 871 e
193 854 261 871 contra
268 852 326 874 dicat,
334 852 386 877 quod
394 852 463 877 aliquis
471 854 579 871 antecessor
587 852 661 871 heredis
670 852 745 871 dotavit
752 858 832 871 uxorem
841 859 895 871 suam
904 853 928 872 de
936 852 971 872 tali

175 882 266 904 manerio,
273 882 367 907 triplicari
374 882 446 907 poterit
452 889 476 901 ex
483 884 540 907 parte
546 882 626 904 heredis,
634 882 686 907 quod
692 882 728 901 hoc
735 889 774 901 non
781 882 820 902 fuit
827 883 851 901 de
858 883 905 905 iure,
912 882 971 902 immo

175 912 199 932 de
210 912 320 937 ignorantia
330 912 404 931 heredis
414 912 445 931 vel
455 912 542 937 gratuita
553 912 683 937 permissione,
694 913 746 937 quod
757 913 834 937 quidem
845 913 971 938 imposterum

175 942 225 961 trahi
235 949 274 961 non
283 942 339 962 debet
349 942 382 961 in¹⁸
391 942 507 967 exemplum.
519 942 540 962 Si
550 945 615 962 autem
624 942 689 962 omnia
698 943 783 962 maneria
793 943 831 962 sint
841 943 905 968 capita
915 943 970 962 baro-

176 972 211 991 niae
218 974 238 991 et
245 974 348 991 teneantur
355 972 376 991 in
383 973 446 997 capite
454 973 478 992 de
485 979 537 997 rege,
545 979 580 992 nec
588 972 612 992 sit
620 973 658 992 alia
666 975 718 992 terra
726 979 768 997 quae
776 973 857 992 sufficiat
866 973 891 992 ad
899 973 970 995 dotem,

175 1002 252 1021 dom-in
261 1002 333 1027 poterit
342 1009 366 1021 ex
375 1002 410 1022 tali
418 1002 510 1025 manerio,
520 1003 573 1022 salvo
582 1005 648 1022 tamen
656 1002 720 1022 heredi
730 1005 793 1022 castro
803 1003 819 1022 si
828 1003 854 1022 ibi
864 1003 930 1025 fuerit,
940 1003 970 1022 vel

174 1032 253 1057 capitali
262 1032 361 1057 mesuagio
371 1033 387 1051 si
396 1039 435 1051 non
445 1035 535 1052 castrum.
547 1032 600 1052 Sed¹¹
611 1032 701 1057 quoniam
711 1033 840 1057 quandoque¹¹
850 1039 931 1052 onerosa
941 1036 970 1053 est

174 1063 262 1082 custodia
269 1063 328 1082 castri
336 1063 367 1082 vel
375 1063 463 1088 capitalis
472 1063 565 1087 mesuagii
574 1063 615 1082 sine
624 1065 701 1082 tenente
710 1063 780 1085 heredi,
790 1069 834 1082 cum
843 1070 893 1082 uxor
903 1063 971 1083 dotata.

175 1093 200 1112 sit
210 1093 234 1112 de
244 1093 279 1112 tali
290 1093 375 1112 manerio
385 1093 425 1112 sine
436 1093 554 1118 exceptione,
565 1093 697 1112 dissimulatur
708 1093 822 1118 qusndoque
833 1093 890 1112 uxori
901 1093 970 1113 seisina

174 1123 232 1142 castri
241 1125 322 1148 propter
332 1129 386 1145 onus,
396 1123 442 1142 dum
451 1125 516 1142 tamen
527 1123 641 1142 restituatur
651 1123 692 1148 regi
701 1125 788 1148 tempore
798 1130 873 1148 guerrae
882 1124 913 1143 vel
923 1123 969 1143 alte-

174 1153 214 1172 rius
225 1153 348 1175 necessitatis,
360 1153 375 1172 si
386 1153 468 1172 voluerit
479 1155 498 1172 et
508 1159 552 1172 cum
563 1153 654 1172 voluerit=
666 1153 770 1172 secundum
782 1154 833 1178 quod
845 1154 920 1173 factum
931 1154 970 1173 fuit

174 1183 198 1202 de
207 1183 303 1202 comitissa
312 1183 418 1202 Lincolniae
428 1189 470 1208 quse
480 1183 518 1202 fuit
528 1189 578 1202 uxor
588 1183 672 1202 Wslteri
682 1183 756 1203 comitis
766 1183 878 1206 marescalli,
888 1184 913 1203 de
923 1190 969 1208 quo-

174 1236 207 1246 ¹⁷*¹'
213 1238 250 1253 imm
259 1238 338 1256 constitui,
348 1237 383 1257 ΟΛ,
393 1238 427 1257 LA,
437 1237 470 1253 OC.
491 1237 524 1247 ¹⁸⁴¹
530 1238 571 1257 Οτι,
581 1238 616 1257 013,
627 1238 665 1257 MA,
676 1239 713 1254 ΜΒ.
735 1238 785 1253 ”nnn
795 1240 843 1257 cem,
855 1238 889 1257 OE,
899 1238 919 1257 Y,
930 1238 969 1254 MG.

174 1262 209 1278 ”a
219 1262 244 1281 de,
254 1263 287 1282 LA,
298 1263 337 1281 uo,
347 1263 384 1278 mc.
406 1262 419 1271 ¹¹
425 1264 460 1282 ern,
471 1263 490 1282 v,
500 1263 535 1282 0A,
546 1263 579 1282 LA,
590 1263 624 1282 oe,
635 1263 671 1279 Me.
693 1263 749 1282 unm,
759 1263 794 1283 0A,
805 1263 827 1282 V;
839 1268 874 1283 om„
885 1263 920 1283 01³,
931 1263 969 1279 ΜΒ,

174 1287 187 1296 ²⁸
192 1290 251 1307 posset,
259 1288 293 1306 01³,
303 1288 341 1307 MA,
349 1288 387 1303 mi⁴
407 1287 420 1296 ¹·
426 1289 471 1308 regna
480 1290 527 1309 regu,
535 1288 569 1307 oe,
578 1288 617 1304 ΜΘ,
636 1288 649 1297 ‘¹
655 1288 707 1308 iubet,
715 1289 750 1308 os,
759 1289 798 1307 MA,
807 1289 845 1308 ΜΒ,
855 1289 893 1308 MG,
903 1289 922 1308 Y,
932 1289 968 1304 CM.

174 1312 233 1332 ¹·0m.,
243 1313 278 1332 01³,
288 1313 326 1332 MA,
336 1314 375 1333 ΜΒ,
384 1313 424 1333 MG,
433 1314 453 1329 Y.
474 1313 519 1333 naci,
529 1313 563 1333 0A,
574 1314 607 1333 LA,
617 1314 651 1332 oc,
661 1314 701 1332 MC;
711 1316 734 1333 ιιι,
745 1314 783 1329 MG.
804 1313 880 1333 *mm-rx,
890 1314 925 1333 0A‚
936 1314 969 1333 LA,

174 1338 212 1358 Me,
223 1339 260 1358 CM,
271 1339 299 1354 oc
313 1338 337 1358 (d.
348 1339 363 1354 ιι
375 1340 427 1354 natm
437 1339 472 1359 p.);
483 1339 523 1358 dm,
534 1339 569 1358 013,
580 1339 619 1358 MA,
630 1339 669 1358 ΜΒ,
681 1339 720 1358 MG,
732 1339 766 1358 cz,
777 1339 796 1354 Y.
819 1339 886 1355 ¹¹⁴².ss
897 1340 969 1359 qma-m

174 1364 270 1384 quandoque,
279 1364 299 1383 V,
308 1364 343 1384 ΟΔ,
352 1364 386 1383 LA,
395 1364 429 1384 OC,
438 1364 479 1383 Μῦς
488 1364 516 1380 sed
525 1364 621 1384 quandoque,
631 1365 666 1383 01³,
675 1364 709 1383 ΘΕ,
719 1365 758 1384 MG,
768 1365 788 1383 Y,
798 1365 838 1383 CM;
848 1365 876 1380 sed
886 1364 917 1383 ubi,
928 1365 969 1383 MA;

173 1389 270 1409 quandoque,
277 1389 315 1405 MG.
