1173 1660
228 168 264 185 166
493 166 604 181 BRACTON:
616 166 646 181 m’.
658 166 754 182 LEGIBUS

226 203 319 223 visionem
329 206 348 223 et
359 206 463 228 antequam
474 204 494 223 in
505 204 574 223 seisina
585 204 645 223 fuerit
656 204 791 229 proesentandi,
802 204 915 223 donatarius
926 210 967 223 rem
978 210 1023 223 eum

228 233 359 255 advocatione,
373 233 403 252 vel
418 233 563 253 advocationem
577 240 613 258 per
626 240 652 256 se,
667 233 739 253 etiam¹⁸
754 236 799 259 post
814 233 982 258 praesentationem
997 234 1022 253 ad

226 262 285 282 alium
294 263 422 285 transtulerit,
432 263 465 288 qui
475 263 561 282 similiter
571 263 715 288 praesentaverit
725 265 770 282 ante
781 263 915 288 provisionem,
925 266 945 283 et
955 266 1023 288 postea

226 292 328 312 donatario
336 293 435 317 provisum
444 293 509 315 fuerit,
518 295 538 312 et
547 293 617 312 iterum
626 293 724 312 ecclesiam
732 299 801 312 vacare
810 293 918 318 eontigerit,
928 296 947 312 et
956 299 1023 313 omnes

226 322 390 347 praesentaverint,
400 322 470 342 scilieet
479 323 562 342 donator
571 322 645 348 primus
655 325 675 342 et
684 322 797 342 donatarius
806 322 880 347 primus
890 325 910 342 et
919 323 1022 342 mundus:

226 352 323 372 donator¹'
331 352 405 377 primus
413 352 449 371 erit
457 352 545 371 omnibus
553 352 595 371 aliis
603 352 741 377 preferendus,
749 352 795 377 quia
803 353 819 372 si
827 352 902 377 primus
911 352 1022 372 donatarius

226 384 246 402 et
253 382 348 401 secundus
356 382 419 407 prima
428 382 478 401 facie
485 381 579 401 amionem
588 382 671 401 habeant
679 382 704 401 de
712 382 866 407 praesentatione,
875 382 958 401 donator
966 382 1022 401 habe—

227 411 241 430 s.
250 411 297 435 55b]
325 411 353 431 bit
364 411 496 437 exceptionem
506 412 530 431 de
540 411 654 437 provisione,
664 414 684 431 et
694 418 733 431 non
743 411 815 437 poterit
826 412 900 437 primus
910 412 1023 431 donatarius

226 443 273 462 dare
283 442 308 461 ad
318 442 457 461 remanentiam
467 442 497 461 vel
507 448 551 461 eum
561 442 639 464 effectu,
650 442 683 467 qui
693 442 844 467 perpetuitatem
854 448 893 461 non
904 442 982 464 habet‚¹⁸
992 442 1023 461 vel

227 473 273 497 quis
285 472 326 492 eius
339 474 401 491 status
414 472 511 497 dependet
524 479 548 491 ex
562 472 635 492 insidiis
649 472 738 491 fortunis.
751 472 785 491 De
798 472 834 491 hae
847 473 928 492 materis
942 472 1022 492 inveniri

226 502 298 528 poterit
309 502 333 522 de
342 502 425 522 termino
436 502 515 522 Paschae
526 508 577 521 anno
588 502 638 527 regis
649 502 732 522 Henrici
743 502 845 527 septimo,¹⁰
856 503 949 522 comitatu
960 503 1023 522 Bede-

227 532 300 554 fordiae,
314 532 339 552 de
352 532 443 551 Falkesio
456 532 479 551 de
492 532 578 551 Breaute
591 534 611 551 et
624 532 688 557 priore
701 532 725 552 de
739 532 864 554 Newenhsm,
878 532 937 552 assisa
951 532 1023 552 ultima

226 562 380 587 praesentationis
388 562 413 581 de
420 562 499 581 eeclesia
508 562 532 581 de
541 562 635 587 Haspele.

276 625 309 644 De
317 625 437 645 libertatibus
445 627 464 644 et
472 625 514 650 quis
522 625 624 644 concedere
632 625 693 650 pouit
701 625 799 645 liber-lutee
807 627 827 645 et
834 631 878 650 εἶναι’
885 625 924 644 sint
932 625 989 650 τιμία.

226 655 317 674 Dic-rma
330 657 359 674 est
372 661 432 680 supra
443 654 526 680 qualiter
538 655 581 674 iura
593 657 612 674 et
625 661 655 674 res
669 655 797 679 incorporales
809 655 976 677 transferuntur‚'⁰
989 655 1022 674 et”

226 684 281 709 quasi
288 684 414 707 traduntur?
421 687 441 704 et
449 684 532 709 qualiter
540 684 664 709 possidentur
671 684 702 703 vel
710 684 770 709 quasi,
778 687 798 704 et
807 684 890 709 qualiter
898 684 947 709 pel-’⁰
955 691 1023 704 verum

226 720 283 733 usum
292 714 405 734 retinentur.
416 714 475 733 Nune
485 716 550 733 autem
560 714 662 733 dicendum
672 713 723 733 erit¹⁴
733 714 757 733 de
767 714 894 736 libertatibus,
904 714 946 739 quis
957 720 1022 734 oonoe-

226 744 272 763 dere
280 744 341 769 possit
350 744 455 766 libertates,
463 746 483 763 et
492 743 567 769 quibus,
576 746 596 763 et
605 744 688 769 qualiter
696 744 848 766 trunsteruntur,
857 746 877 763 et
887 744 970 769 qualiter
978 750 1022 769 pos-

226 774 314 793 sidentur
325 774 355 793 vel
367 774 428 799 quasi,
440 776 460 793 et
472 774 554 798 qus-liter
567 780 602 798 per
614 780 670 793 usum
683 773 796 793 retinentur.
810 773 871 796 Quis?
883 773 912 793 Et
924 774 1022 793 sciendum

226 804 278 829 quod
287 804 328 828 ipse
337 803 426 823 dominus
435 809 475 826 rex,
484 803 517 828 qui
526 803 643 822 ordinariam
653 803 710 822 habet
719 803 869 822 iurisdictionem
878 805 898 822 et
907 803 1022 828 dignitatem

226 835 246 852 et
255 835 371 858 potestatem
380 839 439 858 super
448 833 509 852 omnis
519 833 552 858 qui
561 833 581 852 in
591 839 651 857 regno
661 839 695 852 suo
705 835 756 852 sunt.
766 833 835 852 Habet
845 833 896 852 enim
906 833 971 852 omnia
979 833 1022 852 iura

225 863 246 882 in
254 869 314 882 manu
322 869 357 882 sua
365 869 407 888 quae
416 863 441 882 ad
449 869 539 882 eoronam
548 865 568 882 et
576 862 662 882 laicalem
672 862 770 887 pertinent
778 865 896 887 potestatem
904 865 924 882 et
933 863 1022 882 materia-

225 893 264 912 lem
274 892 361 917 gladium
371 892 404 917 qui
414 892 499 917 pertinet
510 892 535 911 ad
545 892 600 917 regni
611 892 768 917 gubernaculum.
780 892 849 912 Habet
860 892 919 911 etiam
929 892 1022 911 iustitiam

226 924 246 941 et
255 922 346 941 iudicium
355 928 397 947 quae
406 924 451 941 sunt
460 922 600 944 iurisdictionis,
610 924 632 941 ut
642 928 666 941 ex
675 921 805 941 iurisdictione
814 928 849 941 sua
858 922 908 941 sieut
917 922 948 941 dei
958 921 1022 941 minis-

225 954 257 971 ter
267 953 287 971 et
297 951 379 971 vicarius
390 951 463 971 tribunt
474 951 576 976 unicuique
587 951 639 976 quod
650 958 707 971 suum
718 951 783 971 fuerit.
796 951 865 970 Habet
876 951 934 971 etiam
945 958 969 970 ea
980 957 1022 976 quae

226 984 272 1000 sunt
282 981 341 1006 pacis,
351 984 374 1000 ut
384 981 468 1006 populus
479 981 514 1000 sibi
523 981 621 1000 creditus*
631 981 651 1000 in
661 987 709 1006 pace
719 981 774 1000 sileat
784 983 803 1000 et
814 981 905 1006 quiescat,
915 983 935 1000 et
945 987 969 1000 ne
980 981 1022 1006 quis

225 1011 285 1030 alium
292 1011 385 1033 verberet,
393 1010 481 1030 vulneret
488 1011 518 1030 vel
526 1011 576 1030 male
583 1010 709 1032 contrectet,¹⁸
718 1017 742 1030 ne
750 1011 792 1035 quis
800 1017 841 1030 rem
849 1010 930 1030 alienam
939 1017 975 1035 per
982 1010 1022 1029 vim

226 1042 245 1060 et
254 1040 349 1060 roberiam
358 1041 435 1060 auferat
444 1040 488 1059 vel¹⁷
498 1042 591 1066 asportet,
600 1047 625 1060 ne
634 1040 676 1065 quis
685 1040 780 1059 hominem
790 1040 892 1060 mahemiet
902 1040 932 1059 vel
941 1040 1021 1059 oom'dat.

226 1070 296 1089 Habet
304 1070 363 1090 etiam
372 1070 488 1090 coertionem
498 1072 520 1090 ut
530 1070 662 1095 delinquentes
672 1070 741 1095 puniat
751 1072 771 1089 et
780 1072 860 1089 coercet.
872 1070 924 1089 Item
933 1070 991 1089 habet
1001 1070 1022 1089 in

225 1102 323 1125 potestate
332 1107 367 1119 sua
376 1102 398 1119 ut
407 1100 459 1124 leges
468 1102 488 1119 et
498 1100 643 1119 constitutiones
653 1102 673 1119 et
682 1099 751 1119 assisas
760 1099 781 1118 in
790 1106 851 1124 regno
861 1106 895 1119 suo
905 1100 992 1124 provisas
1002 1102 1021 1119 et

225 1129 344 1155 approbatas
354 1132 373 1149 et
382 1130 462 1152 iuratus,
471 1129 512 1154 ipse
521 1129 542 1148 in
551 1129 631 1154 propria
641 1135 723 1154 persona
733 1128 781 1148 sun¹¹
791 1129 879 1149 observet
889 1131 909 1148 et
919 1135 930 1148 a
941 1129 1021 1148 subditis

226 1159 265 1178 suis
277 1159 349 1178 faciet”
360 1159 463 1178 observari.
475 1159 530 1178 Nihil
542 1159 593 1178 enim
604 1159 683 1184 prodest
695 1159 738 1178 iura
750 1159 837 1181 condere,
849 1159 886 1178 nisi
897 1159 922 1178 sit
934 1159 967 1183 qui
979 1158 1022 1178 iura

225 1191 309 1208 tueatur.
320 1188 389 1208 Habet
398 1188 459 1213 igitur
468 1195 502 1208 rex
512 1188 621 1208 huiusmodi
630 1189 673 1207 iura
683 1188 722 1208 sive
731 1188 870 1208 iurisdictiones
881 1188 901 1207 in
911 1195 970 1207 manu
980 1195 1021 1208 sua.

226 1218 295 1238 Habet
304 1218 363 1238 etiam
372 1224 412 1243 prae
421 1218 488 1238 ceteris
497 1218 585 1237 omnibus
595 1218 615 1237 in
624 1224 685 1243 regno
694 1224 729 1237 suo
738 1218 840 1243 privilegia
849 1218 874 1237 de
884 1218 924 1238 iure
934 1218 1022 1243 gentium

225 1273 275 1288 ”etia
276 1274 316 1292 mni,
323 1273 356 1292 LA,
362 1273 383 1292 Υ,
389 1273 425 1288 MC.
443 1273 456 1281 ¹¹
462 1273 558 1292 donatarius,
565 1273 612 1288 MSS.
619 1278 651 1288 var.
669 1273 683 1281 ¹⁸
688 1272 747 1291 habuit,
754 1272 789 1291 ΟΒ,
797 1273 834 1291 MA,
842 1273 880 1291 ΜΒ,
888 1272 924 1288 CM.
943 1272 956 1281 ¹¹
962 1274 1021 1291 ott-svo,

225 1298 262 1316 οΒ;
270 1300 319 1317 sexto,
327 1299 364 1314 CM.
383 1298 396 1307 ¹⁰
397 1298 539 1314 ”umbrantur
546 1300 562 1314 et
570 1298 637 1318 qualiter
645 1298 744 1318 possidentur
752 1300 768 1314 et
776 1299 820 1318 quasi
828 1298 885 1313 tudun
886 1300 912 1313 tur
920 1298 945 1313 vel
952 1299 997 1317 quasi
1005 1300 1021 1313 et

225 1323 292 1343 qualiter
302 1329 336 1343 per,
345 1323 383 1342 MG,
393 1324 413 1342 Y,
423 1324 451 1339 OC
463 1323 571 1343 (possidentur
580 1326 596 1339 et
605 1323 672 1343 qualiter
681 1323 765 1339 traduntur
775 1326 791 1339 et
800 1323 867 1343 qualiter
877 1323 920 1343 pet).
942 1323 975 1332 ¹¹¹¹¹
981 1324 1021 1342 Om„

226 1348 262 1363 CM.
281 1348 341 1368 uon,
349 1349 384 1368 ΟΒ
391 1349 431 1367 CM;
439 1351 469 1367 est,
477 1349 515 1368 MA,
524 1349 561 1364 ΜΒ.
580 1348 672 1368 '‘uadit-ns,
679 1349 699 1367 V,
708 1349 746 1367 MB,
755 1349 793 1364 MG.
813 1349 923 1368 '‘contractet,
933 1349 979 1365 MSS.
988 1354 1021 1364 var.

226 1373 266 1392 flet,
275 1373 309 1392 ΟΒ,
319 1360 357 1392 M'A,
367 1374 405 1392 ΜΒ,
414 1374 452 1392 CM,
461 1374 494 1389 (ΞΕ.
514 1374 573 1393 ¹¹0m.,
582 1374 617 1393 OB,
627 1374 665 1393 MA,
675 1375 713 1393 ΜΒ,
723 1374 756 1390 CE
777 1374 838 1390 ’'iad-
838 1376 851 1393 t,
860 1374 880 1394 V,
890 1375 925 1393 ΟΒ,
935 1375 973 1393 MA,
983 1375 1022 1393 ΜΒ,

226 1398 260 1417 CE,
269 1398 305 1414 CM,
