1173 1660
358 174 389 189 DE
400 174 552 192 ADQUIRENDO
563 174 642 189 RERUM
654 174 755 189 DOM1N10
920 176 956 193 195

161 211 257 234 delictum,
271 212 301 231 ius
314 212 439 237 proprietatis
453 212 478 231 ad
491 212 605 231 donatorem
619 212 718 231 dominum
731 212 834 236 capitalem
847 214 957 231 revertatur

160 241 325 266 qualitercumque
334 244 357 261 ut
366 241 452 263 eschaeta,
462 241 507 261 licet
516 241 570 261 heres
580 248 620 260 non
630 241 660 263 sit,
671 244 690 261 et
701 241 765 266 aliquo
775 247 820 260 casu
830 241 872 261 loco
881 241 956 261 heredis

160 273 242 296 propter
249 273 321 291 tertam
329 277 371 296 quie
378 271 403 290 ad
411 271 475 296 ipsum
483 271 586 290 revertitur
593 271 614 290 in
621 271 721 293 dominico,
730 271 798 290 seisina
807 277 883 296 semper
891 277 956 296 seque-

160 300 207 320 tui-¹·
215 301 280 325 ipsum
288 307 333 320 cum
341 301 366 320 sit
374 301 416 320 loeo
425 300 505 323 heredis,
514 300 558 320 licet
567 307 607 320 non
616 300 641 320 sit
650 300 712 320 heres:
722 302 742 319 et
751 306 795 320 cum
804 307 827 320 eo
836 300 956 320 remanebit''

160 330 256 350 hereditas
264 332 288 349 ut
296 330 382 352 esehaeta,
391 332 411 349 et
420 330 542 355 extinguit-ur
550 330 662 355 homagium
671 332 690 349 et
700 330 804 352 servitium,
814 330 873 349 cum¹⁸
883 336 922 349 non
931 330 957 350 sit

160 359 215 379 heres
225 360 258 385 qui
269 362 335 385 petere
346 360 407 385 possit
418 360 449 379 vel
460 360 493 385 qui
503 362 564 384 petat.
576 360 628 379 Cum
639 362 704 379 autem
715 360 745 379 ius
756 360 881 385 proprietatis
893 360 919 379 sic
931 360 956 379 ad

161 390 274 409 donatorem
284 396 382 409 reversum
393 389 459 412 fuerit,
469 389 514 409 licet
525 389 573 409 alius
584 390 645 409 fuerit
655 390 676 408 in
686 389 755 409 seisina
766 396 790 408 ex
801 389 905 409 donatione
916 389 957 409 eius

161 420 194 445 qui
207 419 279 439 donare
292 426 332 439 non
345 419 415 444 potuit,
429 419 550 444 extinguitur
563 419 642 439 omnino
655 419 755 441 warantis,
768 421 791 438 ut
805 419 821 438 si
835 419 917 439 donator
931 419 956 438 ad

161 451 270 469 warantum
284 452 363 468 vocatus
378 449 443 471 fuerit,
458 449 583 468 warantizare
598 455 637 468 non
651 451 734 471 tenetur,
750 455 772 468 eo
787 449 839 474 quod
854 449 884 468 ius
898 449 956 468 habet

160 479 240 504 petendi
249 481 321 498 terram
330 479 383 498 illam
392 479 412 497 in
421 478 524 498 dominico:
533 478 586 503 quod
595 478 611 497 si
620 478 731 503 homagium
740 479 813 503 ceperit
822 481 841 498 et
851 478 956 500 servitium,

161 508 176 527 f.
184 509 218 532 67]
246 508 276 527 vel
288 508 431 527 confirmaverit
443 508 482 527 tale
495 508 568 527 donum
581 510 604 527 ut
617 514 677 533 supra
690 508 763 527 dietum
776 510 811 530 est,
824 510 872 527 tunc
884 508 956 527 tenebi-

160 540 194 557 tur
202 538 228 557 ad
237 538 356 557 warantiam.
367 538 420 561 <Et
429 538 537 557 notandum
546 538 599 563 quod
608 538 700 557 heredum
709 538 788 563 quidam
798 540 844 557 sunt
853 538 894 557 veri
903 538 956 557 here-

161 567 200 590 des,
209 570 228 587 et
237 567 316 592 quidam
324 568 379 592 quasi
387 567 466 587 heredes
474 567 500 587 εἰ*
510 568 552 586 loco
560 567 658 589 heredum,
668 570 688 587 et
697 574 734 592 pro
742 567 843 587 heredibus
852 567 956 586 habentur:

160 597 200 616 veri
208 597 287 616 heredes
296 603 320 616 ex
329 603 387 616 causa
396 597 523 619 successionis,
532 597 587 622 qussi
596 597 674 616 heredes
683 597 720 616 vel¹
729 597 771 616 loco
780 597 872 616 heredum
880 597 911 616 vel
920 603 957 622 pro

160 627 261 646 heredibus
273 634 309 652 per
320 627 399 646 modum
411 627 526 649 donationis,
539 627 588 646 sicut
600 629 645 647 sunt
658 627 756 652 assignati,
769 627 799 646 vel
811 627 853 646 loeo
865 627 957 646 heredum

161 657 210 677 sicut
220 659 265 677 sunt
276 657 348 676 domini
358 657 456 682 capitales,
467 657 536 682 quibus
547 657 650 676 revertitur
660 657 756 676 hereditas
766 659 848 682 propter
859 657 957 676 defectum

160 687 191 707 vel
200 689 281 712 propter
290 687 387 710 delictum,
397 687 446 707 sicut
455 687 535 707 eschaeta
544 690 626 712 propter
635 687 733 706 defectum
742 687 840 709 heredum,
850 693 894 706 cum
904 687 957 706 here-

160 717 195 737 des
205 717 295 737 deficiant
306 717 327 736 in
336 717 387 737 linea
398 718 533 737 descendente:
544 719 626 742 propter
636 717 733 740 delictum,
745 717 764 736 id
775 720 805 737 est
816 720 898 742 propter
909 717 957 737 felo-

161 748 219 770 niam,
228 747 261 767 ubi
270 747 375 773 impeditur
384 748 486 767 descensus
495 747 540 767 lieet
548 747 627 767 heredes
636 747 743 767 extiterint*
753 749 788 767 aut
797 750 893 772 parentes.
905 748 958 767 Item

161 780 242 802 propter
249 777 329 797 modum
335 777 450 799 donationis,
458 779 480 797 ut
488 777 504 796 si
511 777 594 796 donator
601 777 658 799 dicat,
666 777 700 796 Do
708 777 742 797 tali
750 779 769 797 et
777 777 878 796 heredibus
885 777 925 796 ntis
932 777 957 796 de

161 813 241 832 corpore
251 813 287 826 mo
296 807 408 832 procreatis,
419 809 438 826 et
448 807 465 826 εἰ
474 806 553 826 heredes
564 806 612 826 talea
622 813 662 826 mm
672 806 760 826 habuerit
771 806 801 826 vel
811 807 828 826 εἰ
838 806 926 826 habuerit
937 809 957 826 et

161 836 273 860 defecerint,
282 839 329 856 tum
338 837 364 856 do
374 836 409 856 tali
418 839 437 856 et
446 836 547 856 heredibus
556 837 596 856 cuia
606 842 654 861 quon
664 837 688 856 de
698 842 778 861 corpore
787 842 823 856 cao
833 836 927 859 habuerit,
937 839 957 856 et

161 866 187 885 sic
196 866 216 885 in
225 866 323 885 infinitum
332 866 356 886 de
365 865 459 891 pluribus,
468 866 517 885 tales
527 865 639 885 succedunt*
648 872 688 885 nou
697 872 721 885 ex
731 872 789 885 causa
798 866 927 888 successionis,
937 868 957 885 et

161 895 239 915 heredes
248 898 306 915 erunt
315 895 357 921 pel-¹
365 896 445 915 modum
453 895 592 919 donationis>

210 955 243 975 De
251 955 345 980 gradibus
353 955 476 974 successionis
485 957 505 974 et
514 954 625 980 parenteloe.

160 984 251 1003 chruu
260 987 289 1004 est
298 991 358 1009 supra
366 984 390 1004 de
400 984 493 1009 qualitate
501 984 594 1004 heredum
603 987 622 1004 et
632 984 748 1007 differentia,
757 987 777 1004 et
786 984 819 1009 qui
828 987 922 1004 vocantur
932 984 957 1004 ad

161 1014 303 1036 successionem,
312 1016 332 1033 et
340 1014 373 1039 qui
381 1014 423 1033 aliis
431 1014 452 1033 in
460 1014 577 1033 successione
585 1014 723 1039 praefenmtus,
732 1014 780 1033 sicut
789 1014 869 1033 heredes
878 1014 957 1039 propin-

161 1043 242 1068 quiores.
255 1044 294 1063 Sed
306 1044 397 1068 quoniam
408 1044 503 1063 hereditas
514 1046 534 1063 et
545 1044 575 1063 ius
587 1044 709 1063 successionis
721 1044 819 1063 descendit
830 1050 867 1068 per
878 1044 956 1069 gradus,

161 1073 204 1092 ideo
215 1073 319 1092 videndum
330 1073 366 1093 est·
377 1073 401 1093 de
411 1073 504 1098 gradibus
515 1073 637 1092 successionis
649 1075 669 1092 et
680 1073 790 1098 parentelae,
801 1075 821 1092 et
833 1073 916 1098 qualiter
927 1073 957 1092 ius

161 1103 270 1123 descendat'
281 1105 301 1122 et
311 1109 347 1128 per
357 1110 404 1128 quas
415 1109 507 1128 personas
517 1103 543 1122 sd
553 1109 597 1122 eum
608 1103 640 1128 qui
650 1103 671 1121 in
681 1103 722 1122 iure
733 1102 857 1127 proprietatis
869 1103 957 1122 seisinsm

161 1133 239 1158 petierit
247 1132 326 1152 alieuius
334 1133 464 1152 antecessoris.
472 1132 501 1152 Et
510 1132 608 1152 sciendum
616 1132 667 1157 quod
675 1132 813 1157 cognationum
820 1132 859 1151 sive
868 1134 957 1157 parente-

161 1162 225 1182 larum
232 1162 273 1181 alim
280 1165 326 1182 sunt
333 1168 398 1187 supra,
406 1162 447 1181 aliae
454 1164 500 1181 sunt
507 1162 566 1184 infra,
573 1162 615 1181 alim
622 1164 668 1181 sunt
675 1168 699 1181 ex
707 1164 817 1181 transverso
824 1161 864 1181 sive
871 1168 884 1181 s
890 1162 957 1181 latere.

161 1192 256 1211 Parentes
267 1198 313 1211 vero
323 1192 356 1217 qui
367 1194 412 1214 sunt
423 1198 483 1216 supra
494 1192 530 1211 dici
541 1194 634 1216 poterunt
645 1193 773 1211 antecessores
785 1194 804 1211 et
815 1194 912 1216 parentes,
924 1191 957 1211 sed

162 1221 201 1246 qui'
210 1222 283 1241 mortui
292 1223 338 1241 sunt
347 1224 367 1241 et
376 1221 456 1241 heredes
466 1221 588 1243 antecedunt,
599 1221 618 1240 id
629 1223 659 1241 est
668 1221 740 1241 cedunt
750 1223 801 1244 ante,
811 1223 831 1241 et
841 1221 920 1240 heredes
930 1221 957 1241 eis

161 1251 232 1271 cedunt
240 1251 282 1274 sub,
291 1251 345 1276 quasi
354 1251 464 1270 succedunt.
474 1251 513 1270 Est
521 1251 572 1270 enim
581 1251 648 1270 cedere
657 1251 711 1276 quasi
720 1251 814 1273 recedere,
823 1253 843 1270 et
852 1253 881 1271 est
890 1251 957 1270 cedere

161 1305 255 1325 unquam,
265 1306 299 1325 oc,
309 1306 330 1324 Y,
341 1306 382 1324 Mo,
395 1305 491 1325 (—·anper
501 1307 579 1325 nequam,
590 1305 637 1325 CM).
659 1305 780 1325 ”perna-nebu,
792 1305 811 1324 v,
822 1305 857 1324 os,
869 1305 907 1323 MA,
919 1305 956 1320 Mn.

161 1330 175 1339 ⁸·
180 1333 196 1346 αι
203 1336 243 1349 aum,
251 1331 289 1350 MA,
296 1331 335 1349 ΜΒ,
342 1331 376 1350 cn,
384 1331 404 1349 Y,
411 1331 449 1350 CM,
457 1331 495 1346 Mo.

202 1355 208 1365 ¹
214 1357 236 1375 in,
244 1356 279 1375 on,
288 1356 326 1375 MA,
335 1356 374 1375 Mn,
382 1356 401 1371 v⁴
421 1355 454 1375 ἐι,
463 1356 483 1375 v,
491 1356 512 1375 s,
520 1356 555 1375 os,
564 1356 602 1374 MA,
611 1356 649 1371 Mn.
669 1355 675 1365 ¹
681 1357 784 1375 matites-int,
793 1356 827 1375 LA,
836 1356 873 1372 Mc.
893 1355 957 1371 ‘mm-

160 1380 203 1400 dmt,
212 1381 233 1400 Y,
240 1381 274 1400 CB,
283 1381 321 1400 CM,
329 1381 359 1397 ΟΛ
369 1381 417 1401 (corr.
425 1381 498 1401 ulnam
507 1381 600 1401 succederet,
609 1381 642 1397 OC.
662 1381 668 1390 ¹
674 1381 702 1397 md
711 1386 744 1401 per,
754 1381 788 1400 ΟΒ,
798 1382 836 1400 MA,
845 1381 883 1397 ME,
904 1381 910 1390 ¹
916 1381 957 1400 0m.,

161 1406 196 1425 0A‚
205 1406 238 1426 LA,
248 1407 282 1425 cs,
291 1407 329 1422 uc.
349 1406 355 1415 ¹
362 1406 447 1426 maie,
457 1406 477 1426 v,
486 1407 521 1425 013,
531 1407 569 1426 MA,
579 1407 618 1426 ΜΒ,
628 1407 667 1426 Mo,
677 1407 698 1426 Y,
708 1407 745 1423 CM.
766 1406 819 1427 qun,
829 1407 864 1426 0A‚
875 1407 908 1426 LA,
919 1407 956 1422 Mc.
