1173 1660
348 164 379 180 DE
390 164 542 183 ADQUIRENDO
553 164 632 180 RERUM
644 164 745 180 DOMINIO
909 166 946 184 183

149 201 204 226 prius
214 201 276 221 maior
286 201 319 221 et”
330 204 443 227 prmeptor,
454 208 493 221 non
503 202 540 221 erit
550 202 595 222 talis
606 202 684 221 donatio
695 202 725 221 vel
736 202 815 222 traditio
826 202 946 227 imaginaria,

150 231 196 256 quia
207 237 242 256 per
254 231 329 251 fanetum
340 234 360 251 et
371 238 428 251 usum
439 232 510 251 veritas
522 232 637 251 declaratur.
651 232 702 251 Item
715 238 759 251 cum
771 232 827 251 ambo
839 232 914 251 fuerint
926 232 946 251 in

150 261 268 286 possessiune
278 264 298 281 et
308 261 391 281 donator
401 261 460 281 semel
469 261 556 284 exiverit,
566 264 586 281 et
596 268 640 281 eum
650 262 726 286 regredi
736 262 819 281 voluerit
829 268 869 281 non
879 262 946 287 possit,

149 291 180 310 vel
189 297 233 310 cum
243 291 356 310 donatarius
365 291 386 310 in
396 291 514 316 possessione
525 291 585 311 fuerit
595 291 707 316 poenituerit
718 291 820 311 donatori¹⁸
831 292 946 314 donationis,

149 323 169 340 et
182 321 257 345 ingredi
270 327 309 340 non
322 321 388 345 possit,
401 323 462 346 ponat
475 327 495 340 se
507 321 527 340 in
540 321 624 345 aliquam
637 323 714 346 partem
726 323 782 340 terrae
795 321 871 340 donate
884 321 946 340 facitu

150 350 251 370 donata-io
263 350 390 370 disseisimmz
403 351 448 375 quia
459 350 504 370 licet
516 350 599 370 donator
611 353 675 370 totum
688 351 773 370 fundum
785 357 824 370 non
836 351 946 370 cimuierit'*

149 380 179 399 vel
189 380 209 399 in
218 380 271 399 omni
281 382 337 405 parte
347 387 386 399 non
395 380 487 403 extiterit,
496 380 577 400 tamen⁸⁴
587 387 612 399 ex
621 380 664 405 ipsa
674 381 778 400 traditione
788 383 852 400 totum
862 380 945 406 adquisi-

148 410 183 432 vit,
192 416 236 429 curn
245 413 333 435 tempore
342 410 451 429 traditionis
460 417 483 429 eo
493 410 556 429 animo
566 410 635 430 seisina
644 413 713 430 nactus
723 410 753 433 sit,
764 411 816 435 quod
826 413 890 430 totum
900 411 945 430 tun-

149 440 196 459 dum
205 446 249 459 cum
258 440 379 465 pertinentiis
389 440 486 465 possideat
495 447 556 465 usque
566 441 592 459 ad
601 440 698 463 terminos,
708 443 728 460 et
738 447 760 460 eo
770 441 822 465 quod
833 441 915 460 donator
925 441 946 460 in

148 470 252 489 traditione
262 470 309 489 nihil
319 470 368 489 sibi·'
380 470 475 495 excepit‚'¹
485 470 537 495 quod
547 470 577 489 si¹'
588 470 700 495 excepisset,
711 470 763 489 aliud
774 472 829 489 esset.
841 470 893 490 Item
904 473 945 490 esto

149 501 200 525 quod
211 501 293 519 donator
303 500 324 519 in
334 500 437 519 donatione
447 502 467 519 et
476 500 581 519 traditione
591 500 675 524 excipiat
685 506 710 519 ne
721 500 833 519 donatarius
844 500 873 519 uti
884 500 945 525 possit

149 530 179 549 vel
190 530 235 552 frui,
245 530 290 549 talis
300 530 379 549 donatio
388 530 477 555 perfectu
486 530 529 552 erit,
539 529 584 549 licet
594 529 681 549 inefficax
692 532 712 549 et
722 529 814 549 effectum
824 536 864 549 non
875 530 945 549 habeat

148 560 179 579 vel
189 559 305 584 profectum
316 559 368 579 Item
377 561 419 579 esto
429 559 480 584 quod
490 561 606 584 procurator
615 559 693 584 negotia
702 566 771 584 gerens
782 559 810 579 sui
821 559 893 579 domini
904 566 944 578 rem

148 589 216 609 emerit
225 589 245 608 in
254 589 341 609 absentia
350 589 379 608 sui
388 589 466 611 domini,
475 589 505 608 vel
515 589 619 614 stipulatus
629 589 689 608 fuerit
699 596 723 608 ex
733 595 791 608 causa
800 589 915 611 donationis,
925 591 945 609 et

149 619 202 638 iacta
212 619 316 638 traditione
327 619 404 638 recedat
414 619 497 638 donator
508 619 572 638 animo
583 621 603 638 et
613 625 699 644 corpore,
711 621 731 638 et
742 621 857 644 procurator
868 619 945 638 nomine

148 649 221 668 domini
228 649 257 668 sui
264 649 284 668 in
291 649 409 673 possessione
416 648 502 668 extiterit
509 655 590 674 corpore
597 651 616 668 et
624 649 688 668 animo
696 649 797 671 retinendi,
805 651 824 668 et
832 655 877 668 eum
884 649 944 668 domi-

148 686 185 698 nus
194 679 238 698 inde
247 679 361 698 certioratus
370 679 445 698 factum
454 679 585 704 procuratoris
595 685 634 698 non
644 679 787 704 approbaverit,
798 681 817 698 et
827 679 901 698 venerit
911 679 944 698 ali-

148 709 191 734 quis
198 715 210 728 a
218 709 284 731 latere,
291 711 311 728 et
319 711 464 733 procuratorem
472 709 556 728 eiecerit:
565 709 669 728 videndum
677 709 708 727 cui
716 711 814 734 competat
823 709 888 728 assisa.
897 709 945 728 Non

148 738 243 761 donatori,
252 738 297 763 quia
305 738 370 758 animo
378 741 398 758 et
406 744 487 763 corpore
495 738 572 758 recessit
581 745 593 757 ι
601 738 725 763 possessione.
734 738 786 757 Item
795 738 844 757 nec⁴⁰
852 744 944 763 procura-

148 769 192 791 tori,
202 769 248 793 quia
257 768 334 788 nomine
344 775 379 787 suo
389 774 428 787 non
439 768 517 793 recepit,
528 768 561 787 sed
572 768 639 787 alieno.
652 768 704 787 Item
714 774 754 787 non
765 768 842 787 domino
852 774 944 792 procura-

148 798 201 821 toris,
212 798 257 823 quia
266 798 341 817 factum
351 798 482 823 procuratoris
491 804 531 817 non
541 797 662 822 approbavit.
674 798 758 817 Videtur
767 798 828 822 igitur
838 798 889 822 quod
900 804 944 817 eum

148 828 163 848 ἰ,
170 829 205 852 48]
233 828 348 848 disseisitore
359 828 471 850 remanebit,
483 828 534 853 quod
546 830 596 847 esset
607 827 700 853 iniquum,
711 834 755 847 oum
768 834 792 847 ex
803 827 897 847 maleficio
909 834 944 847 suo

148 864 187 877 non
196 858 271 877 debeat¹
279 858 355 877 lucrum
363 860 469 883 reportare.
478 858 509 877 Re
518 864 564 877 vera
572 857 665 882 competit
673 858 733 877 assisa
741 857 836 880 donatori,
846 858 891 882 quia
900 857 945 877 licet

148 888 212 908 animo
223 891 242 908 et
252 894 333 913 corpore
344 887 433 910 reoessit,‘
444 889 510 907 tamen
521 887 618 912 possidere
629 894 668 906 non
680 887 736 906 desiit
747 894 771 906 ex
782 894 820 912 quo
831 887 944 906 donatarius

148 918 245 943 possidere
257 924 297 937 non
308 917 386 942 incepit.
400 918 451 937 Item
464 917 532 942 incipit
544 917 593 942 quis*
606 917 704 942 possidere
716 917 794 942 quando
807 917 831 936 de
844 917 944 936 voluntate

148 948 246 967 donatoris
257 950 325 967 nactus
335 947 395 967 fuerit
406 947 544 972 possessionem
554 953 636 966 vsaeuam
646 953 726 972 corpore
737 949 757 966 et
768 947 832 966 animo
843 947 944 969 retinendi,

148 983 184 1002 per
190 978 254 1002 ipsum
263 978 376 996 donatorem
384 977 414 996 vel
422 977 463 996 eius
471 979 622 1001 procuratorem,
631 983 666 1001 per
674 976 749 996 litteras
757 976 795 995 vel‘
804 983 839 1001 per
847 977 944 998 nuntium,

148 1007 253 1026 secundum
260 1007 312 1032 quod
320 1007 433 1032 praedictum
440 1008 475 1026 est.
484 1006 523 1026 Sed
530 1012 574 1025 cum
582 1008 727 1031 procuratorem
735 1006 807 1025 miserit
815 1006 846 1025 vel
853 1006 944 1025 nuntium

148 1039 193 1056 ante
205 1037 330 1056 traditionem
342 1036 454 1061 poenituerit
467 1036 580 1055 donatorem
593 1035 707 1058 donationis,
721 1035 813 1060 quaeritur
826 1042 851 1055 an
865 1036 944 1055 donatio

148 1067 233 1086 revocari
242 1067 302 1091 possit
312 1073 336 1085 ex
345 1066 464 1091 poenitentia.
475 1066 504 1085 Et
513 1065 590 1084 videtur
600 1066 651 1090 quod
661 1066 692 1084 sic.
704 1065 743 1085 Sed
753 1065 814 1085 refert
823 1067 890 1085 utrum
900 1071 944 1084 oon-

148 1097 219 1116 stiterit
230 1096 351 1121 procuratori
361 1096 392 1115 vel
402 1095 471 1115 nuntio
482 1096 506 1115 de
516 1095 616 1114 voluntate
627 1095 725 1114 donatoris
736 1097 812 1114 mutata
823 1095 853 1114 vel
864 1101 909 1114 non.
922 1095 944 1114 Si

149 1129 214 1145 autem
226 1126 333 1145 constiterit
346 1132 385 1144 non
398 1125 469 1145 valebit
482 1125 566 1147 donatio,
578 1125 623 1144 licet
636 1125 695 1144 tuerit
708 1125 787 1144 traditio
800 1125 907 1144 subsecuta.
922 1125 944 1144 Si

148 1158 213 1175 autem
219 1162 264 1178 non,
270 1155 318 1174 bene
324 1155 402 1174 tenebit.
409 1155 461 1174 Item
467 1157 508 1174 esto
514 1155 566 1179 quod
573 1155 655 1174 donator
662 1156 707 1173 ante
713 1154 837 1174 traditionem
844 1155 944 1177 moriatur,

147 1186 187 1205 sive
192 1185 227 1204 hoe
233 1185 351 1210 ignoraverit
357 1185 396 1204 sive
402 1191 447 1207 non,
454 1191 493 1203 non
499 1184 575 1203 valebit.
582 1184 612 1203 Et
618 1184 666 1203 illud
672 1184 723 1203 idem
729 1184 765 1203 diei
772 1184 845 1209 poterit
852 1184 876 1203 de
882 1187 944 1203 morte

148 1215 250 1237 donatarii,
257 1215 272 1234 si
279 1221 315 1240 per
321 1216 467 1240 procuratorem
474 1214 556 1239 adeptus
564 1214 624 1233 fuerit
630 1214 775 1239 possessionem.
783 1214 836 1233 Item
843 1216 884 1233 esto
892 1214 944 1239 quod

148 1269 207 1288 ”0m.,
219 1270 254 1288 01³,
266 1269 304 1288 ΜΔ,
316 1269 354 1288 1113,
365 1269 385 1284 Y.
407 1268 511 1287 ”donatoris,
523 1268 558 1287 OB,
570 1268 611 1286 Μῦς
623 1268 718 1287 donatorem,
730 1268 753 1286 V;
764 1268 836 1283 donatori
847 1267 894 1286 mod„
906 1268 943 1286 CM,

148 1295 182 1310 Mo
192 1294 295 1314 (don-tom).
314 1294 327 1303 ⁸·
334 1294 388 1313 smne,
396 1294 431 1313 os,
439 1294 480 1313 ΜΛ;
489 1294 522 1313 ω,
531 1294 569 1309 ΜΒ.
589 1293 602 1302 ··
608 1294 668 1312 circuit,
677 1294 716 1312 uo,
725 1294 765 1312 cm
774 1294 867 1312 circuiverat,
876 1293 896 1312 v,
905 1293 944 1312 MA,

148 1319 185 1335 ΜΒ.
206 1319 266 1338 ¹¹0m„
275 1319 310 1339 01³,
320 1319 358 1338 MA,
368 1319 405 1334 ΜΒ.
426 1319 486 1338 vom„
496 1319 529 1335 oc.
550 1318 583 1328 ¹¹¹¹¹
589 1319 629 1338 cm„
640 1319 679 1338 MG,
689 1319 726 1334 cu.
747 1318 850 1338 ”excepere
860 1319 895 1337 01³,
905 1319 944 1338 MA,

148 1344 189 1363 MB;
197 1346 261 1364 exdpit,
268 1345 301 1360 OC.
320 1344 376 1363 “nom
384 1344 418 1363 OB,
427 1345 466 1363 MA,
474 1345 512 1360 ΜΒ.

189 1369 263 1389 mehe-nt,
271 1370 313 1388 ram
322 1369 373 1388 debet,
381 1370 401 1388 v,
410 1370 447 1385 cm.
466 1369 565 1389 ‘remmia
574 1370 594 1388 v,
603 1369 637 1388 01³,
646 1370 685 1389 MA,
694 1370 732 1389 ΜΒ,
742 1370 780 1388 uo,
789 1370 826 1385 cm.
846 1369 899 1389 ⁸012,
908 1369 943 1388 oa,

113 1402 115 1404 -
148 1395 187 1414 MA,
194 1395 232 1410 ΜΒ.
251 1395 257 1403 ·
263 1397 283 1414 ει,
291 1395 326 1414 oa,
334 1395 367 1414 LA,
374 1395 408 1414 oc,
416 1395 450 1411 iao
459 1395 538 1415 (—per),
546 1395 577 1410 cu
588 1395 618 1414 (-
623 1395 666 1415 per).
