1173 1660
220 172 256 189 194
486 170 590 186 BRACTON
593 176 597 186 :
608 171 639 186 DE
651 171 747 187 LEGIBUS

219 207 314 227 actionem
320 214 356 233 per
362 208 419 227 breve
425 208 450 227 de
456 210 509 228 recto
515 211 580 233 posset
587 211 689 233 postnatus
696 215 716 228 se
723 209 827 228 defendere
834 215 871 234 per
877 209 1015 234 exceptionem,

219 237 290 256 scilieet
298 237 351 262 quod
359 240 462 257 antenatus
470 244 509 257 non
518 238 579 263 possit
588 244 629 257 esse
637 238 693 257 simul
702 238 756 258 heres
764 241 784 258 et
793 239 887 258 dominus.

269 268 282 287 1
283 270 322 287 tem
329 268 477 293 propinquiores
485 268 564 288 heredes
572 274 612 288 cue
620 271 702 294 ponunt
710 269 776 294 plur-ee
784 269 833 288 nient
841 275 898 289 uwur.

219 299 276 317 Irim
285 298 432 323 propinquiores
440 299 519 318 heredes
527 305 567 318 esse
576 302 658 324 possunt
667 299 732 324 plures
741 299 790 319 sieut
798 306 855 322 unus,
865 302 884 319 et
893 299 976 324 quibus'¹
986 300 1015 319 ius

218 328 317 347 descendit
322 328 377 353 quasi
383 328 417 347 uni
422 328 487 348 heredi
493 331 575 354 propter
580 328 627 348 iuris
633 329 734 351 unitatem,
741 329 790 348 sieut
797 331 843 348 sunt
849 329 914 354 plures
921 329 965 348 filie
970 335 1015 354 pro-

219 357 317 377 venientes
325 357 350 377 de
359 358 426 377 eodem
435 360 492 383 patre
501 361 521 378 et
529 358 597 378 eadem
605 361 668 378 matre
677 365 690 378 a
698 358 767 384 quibus
777 359 875 378 deseendit
884 359 986 381 hereditas,
995 361 1015 378 et

219 387 252 406 ubi
260 393 326 407 omnes
334 387 390 407 simui
398 390 418 407 et
426 387 528 407 insolidum
536 388 615 408 heredes
623 390 674 410 sunt,
683 395 706 407 eo
713 388 766 413 quod
774 388 870 408 masculus
879 395 918 408 non
926 391 1015 413 apparet.

219 417 249 436 Et
261 423 300 436 non
313 417 375 437 refert
386 420 453 437 utrum
465 418 547 437 eundem
559 417 662 438 habuerint
674 420 750 443 patrem
763 420 783 437 et
796 418 877 437 eandem
890 420 972 438 matrem
985 418 1015 437 vel

219 447 310 469 diversos,
321 447 386 466 habita
396 449 462 466 tamen
472 447 594 467 distinctione
604 448 710 467 seeundum
720 448 767 473 qui-i
778 448 892 473 praedictum
902 450 937 470 est,
949 450 1016 467 utrum

219 477 244 496 sit
251 477 347 496 hereditas
354 477 470 496 descendens
477 477 508 496 vel
516 477 649 502 perquisitum,
658 480 677 497 et
685 479 752 497 utrum
760 477 847 496 fuerint’·
855 477 879 497 de
887 484 927 497 uno
935 477 1015 497 eodem⁸¹

219 508 275 531 patre
284 508 303 525 et
312 506 379 526 eadem
387 509 449 526 matre
458 506 488 526 vel
497 506 585 526 diversis:
595 509 615 526 et
623 507 659 526 erit
668 507 763 526 hereditas
772 507 823 526 inter
831 507 874 526 illas
883 507 986 526 dividenda
996 507 1016 526 in

218 535 307 555 omnibus
317 542 360 561 quae
370 536 466 561 recipiunt
476 536 587 555 divisionem
597 536 673 556 ratione
683 543 815 561 personarum,
826 543 863 561 pro
874 536 960 556 virilibus
970 543 1015 562 por-

218 565 303 585 tionibus
314 565 361 585 sed'¹
371 572 411 584 non
421 565 496 585 ratione
505 565 538 584 rei.
550 565 641 588 Qualiter
651 568 717 585 autem
727 566 817 591 homagia
828 566 891 585 faeere
902 566 985 586 debeant
996 569 1016 586 et

218 594 294 619 quihus,
303 597 324 614 et
333 595 417 620 quaudo,
426 597 446 615 et
455 595 525 620 quibus
534 595 638 620 scapitare,
648 595 701 614 infra
711 595 785 615 dicetur
795 595 872 620 plenius
882 596 906 615 de
916 596 1015 620 homagiis.

220 624 271 643 Item
280 627 362 649 possunt
370 631 411 644 esse
419 625 497 644 heredes
506 625 654 650 propinquiores
663 624 729 650 plures
738 625 758 644 in
766 631 806 644 una
814 625 926 647 hereditate,
936 625 1016 645 maseuli

219 654 269 674 sicut
279 654 361 676 feminae,
372 654 405 673 sed
415 661 454 673 non
463 654 538 673 ratione
548 660 675 679 personam
686 654 720 674 sed
730 654 764 676 rei,
774 657 794 674 et
804 661 844 674 non
854 654 911 674 simul
921 657 941 674 et
952 654 1015 674 insoli-

219 683 272 706 dum,
279 683 342 703 sieut'·
350 683 426 703 feminae
433 686 453 703 et
459 684 508 703 sicut
515 690 565 703 unus
572 683 632 706 heres,
640 684 673 703 sed
681 684 730 703 sicut
738 684 816 703 heredes
824 684 903 709 plures¹'
911 684 1015 709 participes

219 716 239 733 et
246 713 295 733 sicut
302 715 379 738 partem
386 713 489 738 capientes.
499 713 550 733 Sunt
557 713 622 733 enin?
630 713 709 732 heredes
717 716 736 733 et
744 713 851 736 coheredes,
859 713 894 733 et''
901 713 1016 733 coheredum

219 743 297 768 quidam
304 743 364 762 sunt”
371 743 475 768 participes
482 745 502 762 et
509 743 589 767 quidam
595 749 640 765 non.
648 743 719 762 scilicet
726 743 799 762 nullam
807 745 884 768 partem
891 749 935 762 cum
942 743 1015 763 heredi-

219 772 268 792 bus¹²
276 773 379 797 capientes.
389 773 441 792 Item
449 774 531 797 possunt
539 779 579 792 esse
588 772 653 797 plures
661 772 740 792 heredes
749 772 825 792 femina
834 775 853 792 et
862 772 966 798 participes
974 775 1016 792 tam

218 803 293 822 ratione
301 809 428 828 personarum
437 809 495 827 quam
504 803 537 824 rei,
545 805 569 822 ut
577 803 593 822 si
602 802 644 827 quis
653 805 719 822 teneat
727 802 841 822 hereditarie
849 805 922 822 terram
931 803 1016 827 aliqum

218 839 261 859 quie
267 833 362 858 partibilis
369 833 400 855 sit,
407 835 427 852 et
433 833 499 858 plures
505 832 594 852 habuerit
600 832 664 852 filia?
670 832 755 855 heredes,
762 835 782 852 et
788 833 815 852 sic
822 835 879 852 erunt
886 833 930 852 fliiae
937 833 1015 852 heredes

218 863 372 889 propinquiores,
383 863 428 888 quia
438 863 543 888 participes
553 865 573 882 et
583 869 663 888 capaces
673 863 790 882 hereditatis.
802 863 879 882 Poterit
890 862 962 882 etism⁸¹
973 863 1016 888 quis

219 893 288 913 habere
297 893 363 918 plures
372 893 422 913 filias
431 893 456 913 de
464 900 504 912 una
513 896 575 913 matre
584 895 605 913 et
613 893 680 918 plures
689 893 713 912 de
723 893 766 915 alia,
776 895 796 912 et
805 893 821 912 si
831 899 897 913 ornnes
907 893 945 913 sint
955 893 1015 918 parti—

219 924 271 949 cipes
284 926 303 943 et
317 930 396 948 eapwes
409 926 504 948 quantum
517 923 542 942 ad
554 923 681 942 hereditatem
694 925 796 948 paternam
810 923 962 945 descendentem,
976 929 1015 942 non

218 956 277 973 erunt
283 956 349 973 tamen
356 953 460 979 participes
467 955 488 973 et
493 959 573 978 capaces
581 955 676 978 quantuni
683 953 708 972 ad
715 953 842 978 perquisitum
850 953 918 973 fratris
925 953 956 972 vel
964 960 1015 972 soro-

219 983 245 1003 ris
252 984 285 1009 qui
291 984 366 1003 fuerint
372 984 396 1003 de
402 984 470 1003 eadem
476 985 544 1003 matre.
552 983 594 1002 1112
601 990 646 1003 vero
653 989 695 1008 quae
703 983 776 1002 fuerint
783 983 807 1002 de
814 983 882 1003 eadem
888 986 951 1003 matre
958 986 1015 1003 erunt

219 1014 297 1033 heredes
305 1013 458 1039 propinquiores,
466 1013 563 1038 particeps
570 1016 591 1033 et
598 1019 678 1038 capaces
686 1013 710 1032 de
718 1013 824 1038 perquisito
832 1013 899 1033 fratris
906 1013 937 1032 vel
945 1014 1015 1033 sororis

218 1046 300 1069 propter
307 1043 427 1068 sanguinem.
434 1044 463 1063 Et
470 1043 497 1063 iiii
504 1044 537 1069 qui
544 1046 590 1063 sunt
597 1044 622 1063 de
628 1043 704 1063 diversa
710 1046 779 1066 matre,
785 1043 883 1063 masculus
890 1043 929 1063 sive
936 1043 1015 1066 femina,

219 1074 324 1099 propinqui
334 1076 391 1093 erunt
400 1074 479 1093 heredes
489 1076 508 1093 et
518 1074 571 1096 recti,
581 1076 601 1093 et
610 1073 631 1092 in
640 1073 681 1093 vita
690 1073 771 1093 aliorum
781 1073 901 1098 numquam·⁴
911 1073 1015 1098 participes

219 1110 254 1123 nee
260 1110 340 1129 capaces
346 1104 367 1123 in
373 1104 413 1123 vita
419 1104 494 1126 talium,
501 1104 534 1123 sed
541 1106 586 1129 post
592 1106 680 1123 mortem
688 1104 717 1123 Et
724 1103 840 1128 regulariter
846 1110 914 1123 verum
920 1106 955 1126 est,
963 1104 1015 1129 quod

218 1141 284 1154 omnes
292 1135 320 1154 illi
329 1134 476 1159 propinquiores
485 1134 576 1154 dicuntur
584 1140 624 1153 esse
633 1134 711 1153 heredes
720 1134 744 1153 ad
753 1140 801 1159 quos
810 1134 840 1153 ius
848 1133 974 1159 proprietatis
983 1133 1015 1153 de-

219 1164 293 1184 scendit
304 1164 346 1184 iure
357 1164 478 1183 hereditario.
492 1164 514 1183 Si
525 1166 591 1183 autem
603 1164 627 1183 de
640 1164 752 1183 neoessitete
765 1170 800 1189 per
812 1163 958 1183 conventionem
970 1163 1015 1183 vel¹¹

218 1194 349 1214 condicionem
358 1194 439 1213 tacitam
448 1194 478 1213 vel
488 1200 605 1219 expressam,
615 1194 646 1213 vel
656 1200 693 1219 pro
703 1194 781 1213 defectu
790 1193 883 1213 heredum
893 1194 923 1213 vel
934 1196 1016 1219 propter

219 1248 232 1258 ²¹
238 1249 308 1269 quilibet,
316 1249 351 1268 ΟΒ,
358 1249 392 1267 OC,
400 1249 441 1267 MB;
449 1248 517 1268 cuilibet,
525 1248 547 1267 νς
556 1253 592 1268 qno,
600 1248 638 1264 MG.
657 1247 670 1257 ¹⁸
676 1248 729 1267 fuerit,
738 1248 758 1271 V,
766 1248 801 1267 ΟΒ,
810 1248 849 1267 MG,
857 1248 894 1263 CM.
914 1247 949 1263 '‘et
957 1248 1016 1267 eodem,

218 1274 239 1293 V,
246 1274 280 1293 OC,
288 1274 326 1293 MA,
334 1274 372 1290 ΜΘ.
391 1274 404 1282 ¹¹
410 1274 452 1293 licet,
459 1274 494 1292 0A,
502 1274 535 1293 LA,
543 1274 576 1289 OC.
595 1273 628 1282 ’Μ’
634 1274 674 1289 sicut
682 1273 743 1289 funin:
751 1273 778 1289 red
786 1274 826 1289 nient
833 1273 898 1289 heredes
906 1273 965 1293 plures,
974 1274 1015 1292 MA;

218 1300 259 1315 sieut
267 1299 303 1314 fem.
311 1304 351 1315 unns
359 1299 403 1315 heres
411 1300 451 1314 sieut
458 1299 491 1314 herr
499 1299 546 1319 plur„
554 1299 595 1318 MB,
603 1300 644 1314 sieut
651 1299 688 1314 fem.
696 1300 741 1314 unius
750 1299 794 1314 beru
802 1300 824 1314 nie
832 1300 873 1314 sieut
880 1299 913 1314 her.
922 1299 969 1319 plura,
977 1298 1015 1317 oi³;

218 1325 251 1340 rint
257 1324 293 1339 sem.
299 1325 339 1340 nicae
345 1324 389 1340 heres
395 1325 442 1344 pius„
449 1324 490 1342 MG;
497 1326 537 1340 sicut
542 1325 559 1340 in
566 1324 627 1339 femi-m
632 1326 648 1339 et
654 1325 695 1340 sicut
700 1329 740 1340 uuus
746 1324 791 1340 heres
797 1324 856 1344 plures,
863 1325 903 1343 CM,
910 1325 950 1340 sicut
957 1324 1015 1340 fernim

219 1351 235 1364 et
242 1350 282 1364 sieut
289 1354 329 1365 nnus
336 1349 381 1365 beru
389 1349 448 1369 pium,
456 1350 490 1368 LA,
497 1350 534 1365 MC.
553 1349 568 1358 ’⁸
572 1351 629 1369 auten,
637 1350 657 1369 V,
665 1349 700 1368 01³,
709 1350 747 1369 MA,
755 1350 793 1365 ΜΒ.
813 1349 847 1358 ‘²¹¹'
852 1351 894 1369 quia,
903 1350 935 1365 LA.
955 1349 969 1358 n
975 1350 1016 1369 On,

218 1374 253 1393 0A,
260 1374 293 1393 CR,
300 1374 320 1393 Y,
327 1374 364 1390 Me.
381 1374 394 1383 ¹¹
400 1374 505 1393 coheredibus,
511 1375 546 1393 0A,
553 1375 587 1394 LA,
593 1375 627 1390 OC.
645 1374 658 1384 ⁸¹
664 1375 704 1391 fllia·
711 1377 732 1394 et,
739 1375 759 1394 V,
766 1375 799 1391 OC.
817 1375 831 1384 ⁸⁸
836 1376 883 1395 enim,
889 1375 924 1394 ΟΒ,
931 1375 970 1394 ΜΛ,
977 1375 1015 1391 ME.

219 1398 232 1408 ⁸¹
238 1404 321 1419 numquam
329 1401 379 1418 erunt,
387 1399 421 1419 LA,
429 1400 466 1415 MC.
485 1399 498 1408 '¹
504 1401 525 1419 et,
533 1400 552 1419 V,
560 1400 595 1419 OB,
603 1400 642 1419 ΜΔ,
650 1400 688 1420 MB,
697 1400 736 1419 MG,
743 1401 758 1416 Y
768 1400 817 1420 (corr.
825 1401 865 1420 vel).
