1173 1660
356 142 386 158 DE
398 142 550 161 ADQUIRENDO
561 142 640 158 manum
652 142 753 158 Dommo
918 143 954 162 187

159 180 241 199 termino
255 180 341 202 Paschae,
355 186 407 199 anno
421 180 472 205 regis
486 180 570 199 I-Ienrici
584 180 691 202 undecimo,
705 180 799 199 comitatu
814 179 915 202 Sussexiae,
930 180 954 199 de

159 209 247 229 Iohanne
255 210 279 229 de
287 210 358 229 Monte
365 210 437 229 Acuto.
447 210 486 229 Sed
494 212 536 229 esto
545 210 596 235 quod
605 210 635 229 vir
642 210 702 229 talem
710 210 731 229 in
739 210 779 229 vita
788 216 823 229 sua
832 210 857 229 ad
865 210 955 229 heredem

158 245 197 259 non
204 242 334 264 recog-noscat,
342 239 375 259 sed
382 246 426 259 eum
433 239 526 259 amoverit
533 240 592 259 talem
599 239 699 262 moriatur,
707 239 751 259 lieet
758 241 803 264 post
809 241 892 259 mortem
899 245 955 258 auam

158 275 170 288 a
180 269 259 288 custode
268 269 299 288 vel
309 269 334 288 ab
344 269 382 288 alio
392 269 446 288 euius
456 269 551 288 hereditas
561 276 601 288 non
611 269 685 288 fuerit¹¹
696 269 721 288 ad
731 269 820 288 heredem
831 275 954 293 recognosca-

158 301 197 321 tur,
208 305 248 318 non
259 298 335 318 valebit.
348 299 399 318 Cum
410 301 475 318 autem
486 299 530 318 talis
541 301 600 318 natus
611 299 671 318 tuerit
682 298 713 317 vel
724 299 842 323 suppositus,
854 298 884 318 vir
895 299 955 318 talem

158 328 225 348 statim
234 335 246 347 a
256 328 314 348 domo
324 335 359 347 sua
369 331 463 350 amoveat,
473 334 509 347 nee
519 328 579 347 faciat
589 335 633 347 eum
644 328 714 347 nutriri
724 328 744 347 in
754 328 812 348 domo
822 334 857 347 sua
867 334 904 353 pro
914 328 955 347 filio

158 364 193 377 nee
203 358 254 380 alibi,
264 364 299 377 nee
309 358 410 383 permittat
420 364 464 377 eum
474 358 536 377 redire
547 358 571 377 ad
581 358 652 383 ipsum.
663 358 693 377 Et
703 358 727 377 de
737 358 773 377 hae
782 358 863 377 materia
873 358 955 377 inveniri

158 387 231 412 poterit
240 388 265 407 de
274 387 357 407 termino
368 387 435 406 Sancti
445 387 544 410 Michaelis,
555 394 607 406 anuo
617 387 668 412 regis
678 387 761 406 Hem-ici
771 390 841 412 quarto
851 387 955 412 incipiente

158 417 232 443 quinto,
243 417 337 437 eomitatu
348 417 459 439 Lincolniae,
472 417 496 437 de
507 417 645 436 Bartholomeo
657 417 697 437 filio
709 417 797 436 Ricardi:
810 419 830 437 et
842 417 875 436 ubi
887 419 955 437 tenens

159 449 239 472 paratus
246 447 285 466 fuit
291 453 363 472 ponere
370 453 390 466 se
397 447 417 466 in
423 453 515 471 magnam
522 447 601 466 assisam
608 447 638 466 vel
645 453 704 472 super
711 447 795 472 patriam
802 447 826 466 de
833 447 880 469 iure,
888 449 955 466 utrum

159 477 200 502 ipse
209 476 287 496 haberet
296 476 358 496 maius
367 477 396 495 ius
405 476 483 495 tenendi
493 479 566 496 terram
575 476 596 495 in
605 476 699 496 dominico
709 483 751 501 quoe
761 476 823 501 petita
832 476 877 498 fuit,
887 483 913 496 an
923 476 955 496 ille

159 507 192 531 qui
199 506 261 531 petiit,
269 506 318 526 sicut
325 506 358 525 ille
365 506 398 531 qui
405 512 445 525 non
451 506 558 525 habebatur
565 512 602 531 pro
609 506 649 525 filio
657 512 669 525 a
676 508 733 531 patre
740 506 842 528 communi,
851 512 886 525 nec
893 506 955 525 nutri-

158 538 191 555 tus
198 542 234 561 pro
241 536 281 555 fflio
287 536 307 555 in
314 536 371 555 domo
379 535 446 560 patris,
453 536 486 555 sed
494 537 570 555 amotus
577 542 589 555 a
596 536 654 555 domo
661 536 729 560 patris,
736 538 756 555 et
764 536 813 555 sieut
819 536 851 555 ille
859 536 892 560 qui
899 542 955 555 num-

159 572 218 590 quam
225 565 281 585 rediit
289 565 314 584 ad
321 567 397 590 patrem
405 565 425 584 iu
432 565 473 584 vita
480 571 515 584 sua
522 565 571 584 sicut
579 565 636 587 filius,
644 571 679 584 nec
687 567 732 590 post
739 567 821 584 mortem
829 565 854 584 ad
862 565 955 590 capitales

159 595 246 615 dominos
256 595 289 614 diu
299 595 387 614 facturus
397 595 423 614 eis
432 595 484 619 quod
493 594 518 614 de
527 594 568 614 iure
578 595 642 614 facere
652 594 735 614 deberet.
745 595 775 614 Et
784 601 822 620 quo
832 601 878 614 nasu
888 597 955 614 tenens

159 624 239 644 retinuit
250 624 291 643 aine
302 624 367 647 assisa,
378 624 448 646 iurata,
460 624 490 643 vel
502 624 630 649 inquisitione,
642 624 688 649 quia
699 626 767 649 petens
779 631 818 643 non
830 624 895 649 potuit
907 631 955 649 prae-

159 654 217 673 missa
226 653 318 673 dedicere-

209 684 241 703 De
250 683 362 707 differentia
369 689 480 708 puerorum.

159 714 174 733 f.
182 713 216 737 64]
244 713 303 735 Qun
309 713 382 732 dictum
388 715 418 732 est
424 719 484 738 supra
490 713 541 738 quod
548 713 647 732 naturales
653 715 673 732 et
679 713 760 738 legitimi
767 716 861 733 vocantur
867 720 907 738 prae
914 713 955 733 aliis

159 743 184 762 ad
195 742 338 765 suecessionffln,
348 748 388 761 non
398 745 427 762 est
437 742 504 762 inutile
515 742 579 762 videre
590 745 663 762 statum
674 744 694 762 et
704 743 834 762 differentiam
845 743 955 765 liberorum,

159 772 199 797 qui=
205 772 283 797 quidem
289 772 392 797 multiplex
399 774 433 791 est.
441 771 557 791 Liberorum
564 774 629 791 autem
636 772 741 791 secundum
746 772 797 797 quod
802 772 955 797 praedietumest,

159 802 238 827 quidam
248 803 294 821 sunt
304 802 402 821 naturales
413 804 432 821 et
442 801 529 826 legitimi,
540 802 572 826 qui
583 808 607 820 ex
617 802 672 821 iustis
683 802 756 827 nuptiis
767 804 787 821 et
798 802 885 827 legitima
894 808 956 821 uxore

159 834 291 857 procreantur.
302 832 354 851 Item
362 831 440 856 quidam
449 831 547 851 naturales
556 834 634 851 tantum
642 834 662 851 et
671 838 711 851 non
719 832 805 856 legitimi,
815 832 864 851 sicut
873 834 919 851 sunt
928 832 955 851 illi

160 861 193 886 qui
206 863 334 886 procreantur
347 861 371 880 de
385 860 472 886 legitima
485 861 592 880 concubina
605 867 648 880 eum
663 867 702 886 qua
715 864 803 886 tempore
817 862 955 886 procreationis

160 893 225 915 posset
233 897 274 910 esse
283 890 433 913 matrimonium,
443 891 491 910 sieut
501 891 524 910 de
534 890 598 910 soluto
607 893 626 910 et
635 891 704 910 soluta.
714 891 800 913 Quidam
809 898 855 910 vero
865 897 900 910 nee
908 891 955 916 legi-

159 920 202 939 timi
208 926 243 939 nee
249 920 354 942 uatumles,
361 920 393 945 qui
400 920 441 939 nati
448 922 494 939 sunt
501 926 525 939 ex
532 920 629 945 prohibito
636 920 693 942 coitu⁹
701 927 725 939 ex
732 920 803 940 talibus
810 920 898 940 videlieet
905 921 956 940 inter

160 956 207 975 quos
222 956 262 969 non
276 952 342 975 posset
356 956 397 969 esse
411 949 555 969 matrimonium
569 951 657 974 tempore
673 950 816 975 procreationis,
832 950 888 969 sicuti
904 950 956 970 sunt'

160 979 220 1004 spurii
230 979 262 1004 qui
271 979 296 998 ad
304 979 385 998 nihilum
394 979 435 1004 apti
444 982 495 998 sunt.
506 979 557 998 Item
566 985 632 998 eorum
642 979 674 1004 qui
684 979 764 1004 legitimi
774 982 819 999 sunt
829 982 848 999 et
857 980 956 999 naturales

160 1009 238 1034 quidam
247 1011 293 1028 sunt
302 1008 337 1027 filii
346 1011 365 1028 et
374 1009 434 1031 heres,
444 1008 493 1028 sieut
502 1011 547 1028 sunt
557 1008 584 1027 illi
594 1008 662 1033 quibus
672 1009 770 1028 descendit
780 1009 844 1034 aliqua
853 1009 955 1029 hereditas·

159 1045 184 1057 ex
192 1041 249 1063 parte
256 1038 324 1063 patris,
332 1038 363 1057 vel
371 1044 395 1057 ex
403 1040 459 1063 parte
468 1038 541 1060 matris,
550 1038 580 1057 vel
589 1038 688 1063 utriusque
697 1038 717 1057 in
726 1038 820 1058 dominico
829 1039 859 1058 vel
868 1039 889 1058 in
897 1039 955 1058 servi-

158 1068 193 1087 tio,
203 1068 255 1087 Item
264 1074 331 1087 eorum
339 1068 418 1093 quidam
427 1070 472 1087 sunt
481 1067 515 1086 filii
526 1070 545 1087 et
554 1074 594 1086 non
603 1067 681 1087 heredes
690 1068 753 1090 unius,
763 1068 796 1087 sed
806 1068 841 1087 filii
851 1068 955 1088 seeundum

159 1097 211 1122 quod
219 1097 316 1117 hereditas
324 1097 421 1116 descendit
429 1099 506 1116 tantum
515 1103 539 1116 ex
547 1099 604 1122 parte
613 1097 674 1122 patris
683 1097 713 1116 vel
722 1104 746 1116 ex
755 1100 811 1122 parte
820 1098 893 1122 matris.
904 1098 955 1117 Item

159 1133 226 1146 eorum
235 1126 313 1152 quidam
323 1126 375 1146 sunt⁴
384 1126 464 1151 legitimi
473 1126 508 1145 filii
517 1129 537 1145 et
546 1127 650 1149 naturales,
660 1127 693 1146 sed
702 1127 773 1146 nullius
782 1127 867 1150 heredes,
877 1127 923 1152 quia
931 1134 955 1147 ex

160 1156 214 1175 nulla
226 1159 282 1181 parte
294 1156 322 1176 eis
335 1156 432 1175 descendit
444 1156 539 1175 hereditas
552 1156 622 1181 aliqua..
636 1156 688 1176 Item
700 1163 767 1176 eorum
780 1157 858 1181 quidam
871 1157 955 1182 incipere

159 1188 241 1211 possunt
248 1192 289 1205 esse
295 1186 374 1205 heredes
381 1188 401 1205 et
408 1185 499 1208 desinere,
507 1188 526 1205 et
533 1185 612 1210 quida-m
619 1192 664 1205 non.
673 1186 724 1205 Item
731 1193 798 1206 eorum
806 1186 838 1211 qui
846 1189 892 1206 sunt
899 1189 955 1206 natu-

160 1216 216 1238 rales,
229 1215 316 1240 legitimi,
330 1217 350 1235 et
363 1215 448 1237 heredes,
462 1215 540 1240 quidam
555 1217 600 1235 sunt
614 1215 719 1240 propinqui
733 1218 753 1235 et
767 1216 921 1241 propinquiores,
935 1219 955 1236 et

159 1245 238 1271 quidam
245 1245 315 1264 remoti
322 1247 341 1264 et
349 1245 468 1264 remotiores:
476 1247 496 1264 et
504 1251 569 1264 omnes
577 1247 673 1269 quotquot
681 1247 732 1267 sunt,
740 1248 786 1265 sunt
794 1246 873 1265 heredes
881 1246 927 1266 recti
936 1249 955 1266 et

159 1275 211 1297 iusti,
220 1276 316 1300 quotquot
325 1274 443 1294 descendunt
452 1274 549 1299 gradatim
558 1280 570 1293 a
579 1274 675 1293 communi
685 1275 757 1300 stipite,
767 1275 830 1300 primo
840 1282 875 1301 per
885 1276 955 1295 lineam

160 1322 173 1331 ¹·
248 1325 252 1327 -

179 1323 207 1356 'sti
212 1322 293 1367 22³3ssss
299 1321 339 1365 ffl',
347 1346 385 1365 ua,
393 1346 413 1365 Y,
420 1346 460 1365 uc,
467 1346 505 1365 cu,
512 1346 532 1361 v>
550 1345 556 1354 ¹
562 1346 603 1365 οη...
610 1346 645 1365 01³,
653 1347 691 1366 MA,
699 1347 737 1366 ua,
745 1348 774 1363 LA
783 1348 846 1368 (cam).
865 1348 955 1365 meream.

159 1373 189 1392 vei,
196 1373 231 1391 os,
239 1373 272 1391 LA,
279 1372 313 1391 oe,
321 1372 357 1387 uc.
376 1371 382 1380 ⁴
388 1371 428 1390 cm„
436 1371 471 1390 os,
478 1371 512 1390 u,
519 1371 552 1387 oe.
