1173 1660
435 168 465 183 DE
477 168 579 184 PLACITIS
591 168 686 184 CORONAE
922 170 959 187 84⁹

164 206 224 225 donec
232 212 244 224 a
250 206 329 225 crimine
336 205 371 225 sibi
378 206 468 230 imposito
476 212 496 225 se
503 205 617 231 purgaverit
624 208 756 231 oompetenter
763 206 793 225 vel
802 205 835 225 in'¹
844 206 960 230 purgatione

164 235 262 257 defecerit,
269 237 350 260 propter
357 235 409 260 quod
416 235 485 254 debeat
492 235 600 260 degradari.
609 235 638 255 Et
645 235 688 254 ideo
695 235 711 255 si
718 238 740 255 ut
748 235 861 260 predictum
869 237 898 255 est
905 238 960 260 peta-

164 267 203 287 tur,
214 265 250 284 erit
261 265 371 284 liberandus
381 265 438 284 curiae
449 265 599 287 christianitatis,
610 265 656 290 quia
667 271 706 284 uon
716 265 794 284 habebit
805 272 840 284 rex
851 265 875 284 de
887 271 909 284 eo
921 265 960 290 pri-

165 300 232 313 sonam
239 301 296 319 quem
303 294 387 313 iudicare
394 301 433 313 non
441 296 506 319 potest
513 301 548 314 nec
555 295 632 314 clerioos
640 295 753 319 degradare,
761 294 806 320 quia
814 301 854 314 non
862 297 927 320 potest
935 295 960 314 sd

164 324 240 343 ordines
248 330 367 349 promovere,
375 324 494 343 seeundum⁰
503 324 554 349 quod
562 324 676 349 praedictum
684 326 718 344 est.

215 354 266 373 Cwm
273 354 293 373 in
301 354 354 373 curia
362 354 505 373 christianitatis
513 353 605 377 defecerit
613 354 633 373 in
641 354 763 379 puryatione.

165 384 217 403 Cum
226 385 291 403 autem
299 383 378 403 clericus
386 384 413 402 sie
420 383 445 403 de
453 383 531 403 erimine
539 384 637 403 convictus
647 384 769 408 degradetur,
779 390 818 403 non
827 384 914 408 sequitur
923 384 960 403 alia

164 420 222 439 poena
232 420 268 439 pro
279 420 318 432 uno
328 413 397 432 delicto
407 413 438 432 vel
448 413 536 438 pluribus
547 415 592 432 ante
603 413 761 438 degradationem
772 414 895 439 perpetratis.
908 414 960 433 Satis

164 443 215 463 enim
223 443 292 462 sufficit
300 443 318 462 ei
326 449 362 468 pro
371 449 429 468 poens
438 443 551 467 degradatio
560 449 603 468 quae
611 445 640 462 est
648 449 721 468 magna
729 443 797 468 capitis
807 443 914 466 diminutio,
924 443 960 462 nisi

165 473 216 492 forte
226 473 324 492 convictus
334 473 393 492 fuen‘t
403 473 427 492 de
437 473 540 497 apostasia,
550 473 595 497 quia
605 475 651 492 tunc
661 473 725 498 primo
734 473 852 497 degradetur
862 475 882 492 et
892 475 960 498 postea

165 503 180 522 f.
188 503 234 526 124]
263 509 298 527 per
310 508 390 521 manum
404 502 490 521 laicalem
504 502 637 521 comburatur:
652 502 757 521 secundum
771 503 822 527 quod
837 502 925 527 contigit'
940 503 960 521 in

164 533 243 552 concilio
251 532 333 552 Oxonioe
340 532 436 551 celebrato
444 539 456 551 a
464 532 518 551 bonae
525 532 621 551 memoriae
630 532 658 551 S?
667 532 802 554 Cantuariensi
811 532 959 557 archiepiscopo,

164 562 188 581 de
195 562 279 587 quodam
286 562 366 581 diacono
373 562 406 587 qui
413 568 433 581 se
440 562 558 586 apostatavit
565 568 602 586 pro
609 562 693 586 quadam
701 562 768 584 Iudea,
776 562 808 587 qui
816 568 860 581 cum
867 564 917 581 esset
924 568 960 587 per

164 592 276 617 episcopm
288 592 406 616 degradatus
418 592 483 611 statim
496 591 534 611 fuit
546 591 586 616 igni
598 592 682 611 traditus
694 598 729 616 per
740 598 819 611 manum
832 591 924 611 laicalem.
938 591 960 611 Si

164 624 229 641 autem
237 621 261 640 sit
269 621 337 646 aliquis
344 621 453 640 ordinarius
461 621 494 646 qui
502 621 522 640 in
530 621 583 640 curia
591 621 735 640 christianitatis
743 621 811 640 elerico
819 621 846 640 sic
853 621 870 640 ei
879 621 960 640 liberato

164 651 300 676 purgationem
309 651 398 673 indicere,
406 650 446 670 sine
455 651 572 670 accusatore·
580 656 645 670 coram
654 657 676 670 eo
685 651 709 670 de
718 657 768 670 novo
777 653 885 673 accusante,
894 651 959 670 nolue-

164 681 196 703 rit,
204 683 251 700 tune
259 681 294 700 fiat
302 680 319 700 ei
328 680 385 700 breve
393 680 424 699 ex*
432 680 496 705 parte‘
504 680 576 699 domini
585 680 636 705 regis
644 680 665 699 in
673 681 708 699 hac
717 681 786 699 forma.

214 710 238 729 Su·
249 710 358 729 ordinarius
369 710 452 729 noluerit
465 710 482 729 εἰ
493 710 630 735 purgationem
642 710 725 729 indicere
738 716 781 729 cum
794 710 819 729 sit
832 710 849 729 ei
861 710 959 732 liberatus.

214 741 261 758 tunc
269 739 304 764 fiat
312 739 330 759 εἰ
338 739 377 759 tale
385 739 447 759 breve.

164 769 212 788 Rex
219 769 253 788 tali
260 769 357 788 ordinario
364 769 451 788 salutem.
459 769 576 788 Audivimus
583 769 635 794 quod
642 775 686 788 eum
693 769 771 794 quidam
779 769 858 788 clericus
866 769 890 788 de
897 771 960 788 morte

163 798 245 818 hominis
252 800 335 818 rettatus
343 799 373 818 vel
381 799 491 823 appellatus
499 798 530 818 vel
537 799 641 818 indietstus
649 805 714 818 coram
722 798 827 818 iustitiariis
835 799 906 818 nostris
915 805 959 824 pro-

164 829 234 848 ductus
242 830 297 851 esset,
304 831 325 848 et
332 828 358 847 ibi
366 828 419 848 vobis
428 828 476 848 sicut
484 828 563 848 clericus
571 828 663 848 liberatus
671 831 693 847 ut
702 835 722 848 se
730 835 795 848 coram
803 828 856 848 vobis
865 831 960 854 purgaret

164 860 183 877 et
194 864 214 877 se
224 858 269 878 inde
279 858 368 877 redderet
378 858 499 877 innocentem
509 858 525 877 si
535 860 607 883 posset,
618 864 657 877 non
667 858 725 878 vultis
736 861 759 878 ut
770 858 840 877 dicitur
850 858 876 878 ad
887 865 959 883 purga-

163 888 235 908 tionem
244 888 348 913 prooedere
356 888 392 907 nisi
401 888 426 907 sit
435 887 503 913 aliquis
512 888 544 912 qui
553 888 577 907 de
586 894 637 907 novo
645 894 710 907 coram
719 888 772 907 vobis
782 888 802 907 in
811 888 855 907 foro
864 888 959 907 eeclesias-

164 918 201 937 tioo
213 924 279 937 versus
290 924 335 937 eum
347 920 476 942 prosequatur
487 920 507 937 et
518 918 608 937 instituat
620 917 766 937 accusationem.
779 918 808 937 Et
820 918 911 942 quoniam
924 924 960 942 per

164 947 304 966 accusationem
314 947 386 966 factam
395 947 415 966 in
424 947 476 966 curia
485 949 552 966 nostra
560 947 584 966 de
593 950 655 966 morte
664 947 698 966 illa
707 947 753 966 satis
762 947 844 966 habetur
853 949 959 972 suspectus,

164 980 184 996 et
193 983 228 1002 per
238 977 297 996 talem
307 977 460 996 diffamationem
469 979 489 996 et
500 976 658 996 indictamentum
668 977 715 996 nihil
726 977 778 996 aliud
789 979 850 996 restat
861 977 897 996 nisi
908 977 959 1001 quod

164 1012 229 1025 coram
237 1006 291 1025 vobis
300 1006 415 1025 admittatur
423 1006 521 1031 purgatio,
531 1006 580 1031 quae‘
590 1006 666 1031 quidem
676 1006 718 1025 fieri
728 1006 805 1026 deberet
815 1006 830 1025 si
840 1006 900 1025 laicus
909 1008 960 1026 esset

164 1036 184 1055 in
192 1036 245 1055 curia
253 1038 320 1055 nostra
328 1036 343 1054 si
352 1036 400 1055 ordo
407 1036 567 1060 impedimentum
575 1042 614 1054 non
622 1036 684 1058 daret,
693 1038 713 1055 et
721 1036 765 1055 licet
774 1036 838 1055 nullus
847 1038 960 1060 sequeretur

164 1072 199 1085 nos
211 1072 247 1090 pro
259 1071 307 1091 paee
318 1068 385 1085 nostra
396 1065 449 1090 sequi
461 1065 586 1087 deberemus,⁷
598 1065 651 1084 vobis
664 1065 777 1084 mandamus
790 1065 841 1090 quod
854 1066 959 1085 semmdum

164 1095 216 1120 quod
226 1095 277 1114 idem
286 1094 331 1114 talis
342 1101 362 1114 se
372 1094 485 1120 purgaverit
496 1094 567 1114 coram·
578 1094 631 1114 vobis
642 1095 673 1114 vel
683 1101 729 1117 non,
740 1095 792 1120 quod
803 1097 888 1114 vestrum
899 1095 960 1114 fuerit

164 1124 290 1149 exequamini.
301 1125 360 1144 Teste
368 1127 457 1144 etcetera.

214 1154 247 1173 De
256 1153 343 1173 custodia
351 1160 428 1173 reorum
437 1153 470 1179 qm'
478 1156 524 1173 oum
533 1154 554 1173 in
562 1154 661 1178 misenam
670 1154 760 1173 mittendi
768 1157 788 1173 et
798 1154 832 1179 qui
840 1160 876 1179 per
885 1154 960 1179 pleysa:

214 1183 330 1205 dimittendi,
337 1186 356 1202 et
364 1183 388 1203 de
395 1183 490 1207 fractione
499 1183 584 1202 carceris.

165 1214 217 1233 cun
226 1215 291 1232 autem
300 1213 405 1232 secundum
413 1213 465 1238 quod
473 1212 586 1238 praedictum
595 1215 624 1232 est
633 1219 672 1232 non
681 1213 726 1232 sint'
734 1213 813 1238 quidam
821 1213 841 1232 in
850 1213 959 1233 carcerem¹⁶

164 1243 279 1262 detrudendi
290 1242 310 1261 in
320 1242 422 1262 levioribus
434 1242 549 1264 criminibus,
561 1243 595 1262 sed
606 1249 641 1267 per
652 1243 726 1267 plegios
738 1243 846 1263 dimittendi
858 1244 873 1262 si
884 1243 959 1268 plegios

164 1273 210 1292 dare
218 1272 299 1297 possint,
308 1272 344 1291 nisi
351 1274 393 1291 tam
400 1278 460 1296 grave
469 1272 529 1291 scelus
538 1272 636 1291 admisisse
644 1278 689 1291 eum
697 1275 772 1292 constet
780 1275 803 1292 ut
812 1279 874 1297 neque
883 1273 959 1292 fideius-

164 1321 177 1331 ν
183 1322 223 1341 οη,
230 1322 265 1341 οΒ,
272 1322 310 1340 MA,
318 1322 356 1337 ΜΒ.
374 1321 387 1331 ¹·
393 1322 434 1341 cm„
441 1322 475 1340 013,
483 1322 521 1341 MA,
529 1322 566 1337 ΜΒ.

205 1347 279 1366 umisa,
289 1347 312 1365 νς
322 1348 404 1367 eous-agie,
414 1347 448 1366 oc,
458 1347 492 1366 ca,
503 1347 541 1363 Mo.
563 1346 604 1366 ⁸M.‚
615 1347 648 1362 ca,
669 1346 722 1366 ⁸Om.‚
733 1347 767 1367 013,
778 1348 817 1367 MA,
828 1348 866 1367 ΜΒ,
877 1348 911 1367 ca,
921 1349 958 1364 CM.

163 1372 229 1391 uem„
239 1372 274 1391 οΒ,
284 1373 323 1391 MA,
334 1372 371 1388 ΜΒ.
393 1372 441 1392 ·qm,
452 1372 491 1391 Mc,
501 1372 535 1388 oe.
556 1371 646 1391 qemun,
657 1372 691 1391 ca,
702 1373 740 1388 ΜΒ.
762 1372 814 1392 ·0m,
825 1374 864 1392 MA,
875 1374 914 1392 ΜΒ,
925 1374 959 1393 ea,

163 1398 192 1414 oa
205 1398 249 1418 (ψ).
270 1397 323 1417 mut,
333 1398 368 1417 oc,
377 1398 411 1416 ca,
421 1397 440 1413 v.
462 1397 548 1416 wana-e,
558 1397 593 1416 οΒ,
604 1398 642 1417 MA,
653 1398 691 1416 ΜΒ,
702 1398 735 1417 ca,
747 1398 784 1418 cM,
795 1398 832 1414 Mc.
