1173 1660
354 167 385 183 DE
397 167 548 186 ADQUIRENDO
559 168 638 183 RERUM
650 167 751 183 DOMINIO
915 170 952 188 277

156 205 262 230 resistendi,
275 212 334 230 quam
345 205 361 224 ω’
373 211 412 224 non
424 205 512 224 habuerit
524 208 543 224 et
556 205 632 224 resistat
644 211 680 230 per
691 205 791 227 malitiam,
804 205 868 225 omnia
881 206 952 225 damna

156 235 245 254 restituet
253 235 329 254 mulieri
338 235 412 259 petenti
422 235 526 254 seeundum
535 235 620 254 valorem
630 235 689 254 totius
700 235 750 254 dotis
760 235 813 254 illam
822 235 952 260 contingentis

156 271 167 283 a
177 266 264 289 tempore
273 264 340 283 mortis
350 264 385 283 viri
395 264 430 287 sui,
440 267 460 283 et
469 271 526 283 omne
535 264 626 284 interesse
636 267 731 289 quotenus
742 271 776 284 sua
786 265 876 284 interfuit
886 265 951 284 dotem

156 300 211 313 sunm
221 294 309 313 habuisse
319 300 380 318 usque
390 294 416 313 od
426 294 477 313 diem
488 300 525 318 quo
537 294 625 313 seisimm
636 300 691 313 suam
702 300 738 319 per
748 294 839 313 iudicium
850 300 951 319 reeupera-

156 323 211 346 verit,
218 325 238 342 et
245 323 367 343 nihilominus
374 326 472 343 wax-antus
480 323 500 342 in
507 323 637 342 misericordia
644 324 755 343 remanebit.
763 324 792 343 Et
800 324 848 343 illud
856 324 907 343 idem
915 324 952 343 erit

156 353 172 372 si
180 359 224 372 cum
233 355 276 372 tota
284 353 318 372 dos
327 353 424 372 vocaverit
433 353 463 372 die
472 360 510 378 quo
519 353 600 372 maritus
609 353 682 375 obierit,
692 355 712 372 et
721 353 767 372 nihil
777 353 837 373 fuerit
847 354 952 373 alienatum

155 383 176 402 in
184 383 225 402 vita
234 389 274 405 sun,
283 383 299 402 si
308 389 358 402 uxor
366 389 386 402 se
395 383 415 401 in
424 383 489 402 dotem
498 382 617 402 nominatam
626 383 718 407 posuerit,
728 385 748 402 et
757 383 801 402 inde
811 385 856 402 onte
866 383 951 408 assigna-

155 413 228 431 tionem
237 412 297 431 eiecta
308 412 373 435 tuerit,
383 418 419 431 nec
429 412 489 431 fuerit
498 412 515 431 ei
525 412 647 431 satisfactum
658 412 698 431 sine
709 412 780 437 placito
790 414 810 432 et
820 413 920 432 dilatione:
932 416 951 432 et

155 442 191 461 hoc
201 448 276 467 semper
287 442 392 461 tenendum
403 442 439 461 nisi
449 442 503 461 heres
514 442 545 461 vel
556 444 620 461 custos
631 442 702 461 iustam
712 442 796 461 habeant
807 449 885 462 causam
896 443 951 462 resis-

156 472 215 491 tendi.
226 472 280 491 Illud
290 472 348 491 etiam
358 472 395 491 erit
405 472 421 491 si
431 478 443 490 a
453 474 562 491 tenemento
573 472 625 496 quod
635 472 652 491 ei
663 472 783 496 assignatum
793 474 823 491 est
833 472 858 491 ad
869 479 951 497 quaren-

155 504 221 521 tenam
228 507 283 521 suam
291 503 336 521 ante
344 501 493 526 assignationem
501 501 551 520 dotis
559 501 644 524 eiciatur,
653 501 705 520 infra
714 504 853 526 quarentenam
860 502 891 521 vel
900 504 950 527 post.

156 531 208 550 Item
215 531 263 550 illud
269 531 320 550 idem
327 531 342 550 si
349 531 427 550 omnino
434 533 490 550 extra
496 533 585 550 tenentur
592 531 645 555 quod
652 537 691 550 non
697 531 767 550 habeat
773 531 807 550 ubi
813 534 873 556 caput
881 531 951 550 suum“

155 560 254 580 reclinet.’⁸
270 560 291 580 Si
307 563 372 579 autem
387 567 430 580 cum
445 563 487 579 tota
502 560 598 580 vacaverit
613 563 632 580 et
647 561 701 580 heres
716 561 831 580 contendere
846 561 901 583 nolit,
917 561 950 580 sed

155 590 216 615 gratis
228 592 247 609 et
258 590 298 609 sine
309 590 381 615 placito
392 590 409 609 ei
420 590 485 609 dotem
497 590 597 609 restituere
608 590 660 612 velit,
672 590 776 609 videndum
788 593 817 609 est
829 597 871 615 quae
883 591 921 610 sint
933 591 950 610 ei

155 619 232 638 nomine
243 619 293 638 dotis
304 619 429 639 restituenda.
441 620 470 639 Et
481 619 497 638 si
508 620 531 639 de
542 620 615 638 incerta
627 622 683 645 parte
694 620 730 639 fiat
741 620 791 639 dotis
802 620 914 639 constitutio
926 620 951 639 nd

155 649 225 668 ostium
236 649 323 672 ecelesiae,
334 650 358 668 de
369 649 468 674 adquisitis
479 649 512 668 εἳ·
523 649 651 673 adquirendis,
662 649 776 669 conveniens
787 649 824 669 erit
834 650 886 674 quod
897 650 951 669 hem

155 679 173 698 ei
184 679 269 703 assignet
278 679 299 698 in
310 679 375 698 dotem
386 679 463 698 tertiam
475 681 551 704 partem
562 679 622 698 totius
633 679 687 698 liberi
699 679 808 701 tenementi,
820 679 873 704 quod
884 679 951 699 habuit

156 711 264 728 antecessor
274 715 320 728 suus
330 709 350 728 in
360 709 455 727 dominioo
466 715 500 727 suo
511 711 534 728 ut
544 709 568 727 de
578 709 636 727 feodo
647 708 678 727 die
688 715 727 733 quo
737 715 780 728 eam
790 709 920 733 desponsavit,
931 711 951 728 et

155 738 184 757 ita
192 738 213 757 in
221 738 316 757 dominico
326 738 359 757 et¹⁷
369 738 427 757 feodo
437 738 489 763 quod
497 744 540 757 enm
549 738 594 757 inde
604 738 671 757 dotare
681 738 751 762 potuit.
762 738 791 757 Et
801 738 840 757 haee
850 745 896 757 vern
906 740 951 757 sunt

155 768 191 787 nisi
202 768 314 787 constitutio
324 768 374 787 dotis
385 767 423 786 alio
433 768 490 787 modo
501 770 588 792 tempore
598 767 740 787 constitutionis
751 768 776 787 ad
787 768 858 787 ostium
869 768 951 787 ecclesia

156 798 209 816 fucta
220 797 286 819 fuerit,
297 800 317 817 et
328 804 366 822 quo
377 803 423 816 casu
434 797 531 821 sequendo
542 797 578 816 erit
590 797 701 816 constitutio
712 803 756 816 eum
768 797 792 816 de
803 804 826 816 ea
837 798 950 817 constiterit.

156 828 237 852 Integre
249 827 299 846 enim
311 829 331 846 et
342 833 381 846 non
394 833 429 852 per
441 827 546 851 particulas
558 826 589 846 vel
601 826 621 846 in
633 826 703 851 parte¹'
716 826 757 846 fieri
770 827 827 846 debet
840 827 950 852 ssm‘gnntio,

155 857 226 876 scilieet
237 857 261 876 de
272 857 360 876 omnibus
371 857 428 876 tertis
439 858 459 876 et
470 856 583 875 tenementis
595 856 700 875 seeundum
712 857 790 875 modum
803 857 950 879 constitutionis,

155 887 175 905 in
188 886 293 909 dominicis,
304 886 418 911 vfflenagiis,
431 886 492 905 feodis
505 886 594 908 militum,
607 886 706 911 homagiis,
720 888 739 905 et
752 886 833 905 servitiis
847 886 951 905 liberorum

155 916 259 939 hominum,
269 916 290 935 in
299 915 455 935 advocationibus
465 915 592 935 eeclesiarum.
604 916 633 935 Et
643 916 748 935 secundum
758 916 810 940 quod
820 916 880 935 fuerit
890 916 951 935 nomi-

156 946 216 965 natim
225 946 294 965 dotata
301 946 332 965 vel
340 952 379 964 non
388 945 507 967 nominatim,
516 951 560 964 eum
570 945 695 964 advocatione
704 945 735 964 vel
744 945 790 967 sine,
800 948 819 965 et
829 945 868 964 sive
877 945 902 964 ibi
912 946 951 965 sint

155 976 220 1001 plures
231 975 365 995 advocationes
376 975 414 994 sive
424 981 470 996 una,
480 981 556 999 semper
565 975 586 993 in
596 974 732 994 constitutione
743 975 793 994 dotis
804 977 824 994 et
834 975 855 994 in
866 975 950 1000 assigna—

155 1006 208 1025 tione
216 1006 253 1025 erit
261 1005 305 1024 inde
313 1005 402 1024 habenda
410 1005 465 1027 ratio,
474 1007 497 1024 ut
505 1004 536 1023 vel
544 1010 603 1023 unam
612 1011 636 1023 ex
645 1004 733 1029 pluribus
742 1005 824 1024 retineat
833 1005 863 1024 vel
873 1005 924 1029 quod
934 1005 951 1023 ei

156 1035 200 1055 inde
208 1035 286 1054 aliunde
293 1034 389 1054 satisfiw·
398 1034 423 1053 sd
431 1033 540 1056 valentiam,
549 1040 593 1053 cum
602 1034 735 1053 advocationes
744 1034 847 1058 aliquando
856 1040 896 1053 non
905 1034 950 1053 reci-

156 1065 211 1090 piant
219 1065 336 1084 divisionem.
344 1064 373 1083 Et
381 1070 457 1088 semper
464 1064 558 1082 tenendus
567 1066 596 1082 est
604 1063 672 1082 modus
680 1064 827 1083 constitutionis.
837 1064 866 1083 Et
874 1064 918 1083 lioet
927 1064 951 1083 de

155 1094 311 1114 advocationibus
320 1094 341 1112 in
349 1093 485 1112 constitutione
494 1093 544 1112 dotis
552 1092 606 1112 nulla
615 1093 687 1112 mentio
697 1093 750 1112 faeta
759 1093 783 1112 sit
793 1099 827 1112 nee
836 1093 856 1112 in
865 1093 951 1118 assigna-

155 1124 213 1146 tione,
220 1130 255 1143 nee
262 1123 287 1143 sit
294 1123 314 1142 in
321 1123 427 1142 hereditate
434 1123 470 1141 nisi
476 1122 533 1141 unica
540 1122 624 1144 ecclesia,
632 1122 690 1141 cum⁸⁰
697 1125 742 1147 post
749 1125 831 1142 mortem
839 1123 875 1142 viri
883 1123 902 1141 in
910 1123 951 1142 vita

155 1153 221 1172 uxoris
227 1159 267 1172 non
273 1152 344 1172 debet⁸²
350 1152 405 1171 heres
411 1152 435 1171 de
441 1152 483 1171 iure
489 1152 542 1171 illam
549 1152 637 1171 conferre
644 1152 685 1171 sine
691 1158 770 1171 assensu
776 1152 848 1171 uxoris.
857 1152 897 1171 Sed
905 1152 951 1177 quid
987 1176 989 1178 q

155 1183 171 1202 si
179 1182 263 1202 noluerit
272 1182 389 1201 oonsentire?
399 1181 464 1201 Heres
473 1181 506 1206 qui
515 1182 564 1200 duas
573 1183 639 1206 portes
649 1181 706 1201 habet
715 1181 735 1200 in
745 1182 892 1206 proesentatione
902 1188 950 1206 prie-

156 1212 236 1235 rerem,
248 1212 293 1237 quia
305 1211 392 1237 quamvis
404 1211 483 1230 ecelesia
494 1211 560 1236 magni
573 1211 643 1230 valoris
656 1211 747 1233 extiterit,
760 1211 840 1230 tamen¹¹
853 1212 951 1231 occasione

155 1242 205 1261 dotis
213 1248 253 1261 non
260 1241 358 1263 dividitur,
366 1241 412 1266 quia
419 1247 458 1260 uon
466 1240 541 1265 patitur
549 1240 657 1263 sectionem,
666 1243 685 1260 et
693 1241 777 1260 maxime
785 1241 830 1265 quia
838 1241 862 1260 ab
871 1241 950 1265 antiquo

155 1271 216 1291 divisa
225 1277 265 1290 non
275 1271 341 1290 fuerit.
352 1270 373 1289 Si
384 1272 449 1289 autem
459 1270 483 1289 de
493 1270 618 1289 advocatione
627 1276 667 1289 non
677 1270 702 1289 sit
712 1270 786 1289 mulieri
797 1270 853 1289 diter
863 1270 950 1289 satisfac-

155 1303 203 1323 tum,
211 1301 288 1319 videtur
296 1300 359 1325 prima
367 1300 416 1319 faeie
424 1300 476 1324 quod
484 1300 500 1319 si
507 1300 527 1318 in
535 1299 575 1319 vita
583 1299 643 1324 ipsius
651 1302 682 1318 ter
690 1299 792 1322 vacaverit,
800 1300 852 1324 quod
861 1300 885 1319 de
893 1300 950 1324 mqui-

155 1348 168 1357 ¹⁴
174 1348 214 1367 cm„
223 1348 258 1366 0A,
266 1348 300 1366 LA,
308 1347 342 1366 oe,
351 1347 387 1362 mc.
406 1346 419 1355 ¹⁸
425 1347 494 1365 inclina,
504 1346 543 1365 MG,
551 1346 571 1365 Y,
580 1346 617 1361 cM.
637 1346 650 1355 ²·
656 1346 715 1362 mffloet
724 1348 745 1365 et,
754 1346 788 1365 uA,
798 1346 831 1365 LA,
841 1347 878 1366 rac,
887 1346 921 1365 elz,
930 1347 950 1363 v.

155 1373 190 1388 -ἐι
200 1374 222 1391 in,
233 1373 266 1392 cz,
277 1373 314 1388 Me.
335 1372 414 1392 upum,
425 1371 464 1391 iao,
475 1371 512 1387 cM.
534 1371 547 1380 ¹·
553 1371 646 1391 nent-am,
657 1371 677 1391 v,
687 1372 721 1390 oc,
733 1371 767 1390 01³,
779 1372 817 1391 MA,
829 1372 867 1391 ian,
878 1372 899 1391 Y,
911 1372 950 1391 mo,

155 1399 192 1414 cM.
210 1398 286 1417 unm,
293 1397 327 1416 cn,
334 1398 353 1413 Y,
370 1397 383 1405 ¹¹
390 1396 451 1415 flebat,
457 1397 492 1416 01³,
500 1397 538 1415 MA,
545 1397 583 1412 ΜΒ.
600 1396 659 1416 neum,
666 1397 749 1416 nomn.
