1173 1660
419 160 450 175 DE
461 160 564 176 PLACITIS
575 160 670 176 CORONAE
907 163 943 180 400

148 198 200 223 quo¹¹
206 198 266 217 easu¹¹
272 198 376 217 videndum
381 198 418 217 erit
424 205 436 217 a
442 198 547 218 iustitiariis
554 198 569 217 si
576 198 602 217 ibi
609 198 633 217 m't
639 198 755 217 mahemium
761 198 791 217 vel
798 205 842 217 non.
851 199 872 217 Si
879 200 945 217 antem

148 228 269 247 adiudicetur
278 227 399 250 mahemium,
410 230 457 247 tunc
466 228 556 247 aufertur
566 228 665 252 appellato
675 228 742 247 electio
752 228 869 247 defendendi
879 234 899 247 se
909 234 945 253 per

148 264 219 282 eorpus
226 257 256 277 vel
263 264 299 282 per
305 257 396 282 patriam,
403 257 449 282 quia
455 257 476 276 in
483 257 518 276 hoc
525 263 571 276 casu
578 257 603 277 de
610 257 723 276 necessitate
731 257 827 277 artabitur
835 257 945 282 appellatus

149 287 174 306 ad
182 287 325 306 defendendum
332 293 353 306 se
360 293 396 312 per
403 287 493 312 patriam
502 286 601 306 Aufertur
609 287 681 306 etiam”
689 287 805 312 quandoque
813 287 877 312 patria
885 293 944 312 prop-

148 319 179 336 ter
185 317 314 341 cognitionem
321 317 420 342 appellati,
427 319 449 336 ut
456 316 471 335 si
479 317 530 336 forte
537 317 612 336 factum
619 317 731 341 cognoverit
737 323 802 336 coram
810 316 904 341 aliquibus
912 316 945 341 qui

149 346 164 365 ἰ.
173 347 218 370 145]
246 346 318 365 habent
326 346 433 368 reeordum,
443 346 491 365 sicut
501 352 541 365 esse
550 346 622 371 poterit
632 346 648 365 si
657 346 725 371 aliquis
735 346 794 365 alium
803 346 916 365 castraverit
925 348 945 365 et

149 376 201 396 forte
208 376 320 401 cognoverit
328 383 349 395 se
357 382 397 395 esse
405 376 491 395 seiaitum
499 376 523 395 de
531 376 629 399 testiculis,
638 376 713 395 factum
721 376 802 395 ulterius
810 376 897 395 dedicere
906 382 945 395 non

149 407 221 431 poterit
229 409 297 426 contra
304 413 370 426 eorum
378 407 485 426 remi-dum.

199 437 313 456 ludicandae
319 440 365 456 mm
371 437 436 462 plaqoe
443 439 466 456 nt
472 437 489 456 ei
496 437 521 456 sit
528 437 554 456 ibi
562 437 683 456 mahemt'um.

151 468 174 487 51
185 470 250 487 autem
259 468 376 487 mahemium
386 467 517 487 adiudicatum
527 474 566 487 non
577 468 643 490 tuerit,
654 468 771 492 procedatur
781 469 849 486 contra
860 467 945 492 appella-

149 501 192 518 tum
202 499 251 518 sicut
261 499 350 523 superius
360 498 384 517 de
394 504 441 523 pace
451 501 471 518 et
481 498 550 523 plagis.
562 498 667 523 Excipitur
677 498 793 523 quandoque
803 500 871 517 contra
881 498 945 517 huius-

149 529 201 549 modi
213 529 313 554 appellum
324 536 360 554 per
371 529 471 554 generales
483 529 605 554 exceptiones
617 531 639 548 ut
652 535 717 554 supra,
729 531 752 548 ut
764 529 780 548 si
793 529 894 554 appellans
907 535 946 548 non

150 560 217 579 fecerit
226 562 297 579 sectam
305 559 435 582 sufficieth
443 560 473 579 vel
481 560 497 579 si
505 566 611 584 numquam
619 559 664 578 fuit*
673 561 786 584 prosecutus
795 561 839 579 ante
848 560 885 579 iter
893 559 945 578 iusti-

150 590 256 613 tiariorum,
264 590 295 610 vel
303 591 318 610 si
325 590 399 610 nullam
407 590 493 615 plagam’
500 590 585 610 ostendit
592 590 743 612 coronator-ibus,
751 590 781 609 vel
789 596 829 609 non
836 590 872 609 nisi
881 590 946 609 rufflu-

150 628 192 641 ram
199 622 230 640 vel
237 621 345 643 brusuram,
353 621 408 640 orbes
416 621 465 640 ictus
473 627 517 640 eum
526 621 594 640 baculo
601 623 621 641 et
629 627 668 640 non
676 627 730 640 armo
737 621 817 640 moluto.
827 621 878 640 Item
887 627 945 645 prop-

150 654 180 671 ter
186 652 318 674 variationem,
325 654 347 671 ut
354 652 370 671 si
377 652 441 671 modo'
448 651 575 676 appellaverit
583 651 625 676 quis
632 651 656 671 de
663 658 711 676 paee
718 651 790 671 domini
798 651 854 676 regis,
862 654 881 670 et
889 651 946 670 modo

150 683 174 702 de
184 688 232 707 pace
242 682 362 702 vioeeomitis.
374 683 426 702 Item
436 682 452 701 si
462 682 525 707 primo
536 682 560 701 de
571 688 619 707 pace
629 682 744 701 vicecomitis
754 684 775 701 et
785 684 853 707 postea
864 682 888 701 de
899 688 946 707 pace

150 713 222 732 domini
230 713 286 738 regis.
296 713 347 732 Item
356 713 371 732 si
379 713 443 738 primo
451 719 512 732 unum
519 713 544 732 de
552 713 605 732 facto
613 715 632 732 et
640 715 709 738 postea
716 713 798 732 eundem
807 713 831 731 de
840 712 906 734 forcia,
915 712 946 731 vel

150 750 161 763 e
170 743 272 763 contrario.
283 744 335 763 Item
345 744 360 763 si
370 743 434 768 primo
443 750 504 763 unum
514 744 538 763 de
548 750 588 762 una
597 743 657 768 plaga
666 746 686 763 et
696 745 764 768 postea
774 743 856 762 eundem
867 743 891 762 de
902 743 945 762 alia.

151 774 203 794 Item
210 774 226 794 si
234 774 258 793 de
265 781 305 794 una
312 774 373 799 plaga
380 774 411 793 de*
419 781 459 793 uno
466 774 508 793 loeo
516 774 603 799 corporis
611 776 630 793 et
638 776 707 799 postea
715 774 739 793 de
747 774 814 793 eadem
823 774 843 793 in
851 773 889 793 alio
898 774 945 792 loco.

151 805 202 825 Item
211 805 227 824 si
236 805 260 824 de
268 805 328 830 plaga
336 805 399 830 primo
408 811 453 824 cum
460 805 526 829 gladio
535 807 554 824 et
563 807 631 829 postea
639 811 704 824 coram
713 804 819 824 iustitiariis
829 804 887 829 quod·
897 804 945 823 bisa-

150 838 201 855 cuta.
210 836 262 855 Item
271 836 287 855 si
294 836 363 855 minori
372 836 450 855 erimine
459 836 569 860 appellatus
578 835 603 855 sit
612 835 657 860 quis*
662 838 682 855 et
690 835 763 857 maiori,
773 835 835 860 excipi
845 835 916 860 poterit
926 835 946 854 in

149 866 219 886 minori
229 867 290 886 donec
300 866 362 886 maius
372 866 493 889 terminetur,
504 866 609 886 secundum
620 866 672 891 quod
683 866 745 891 excipi
756 866 829 891 poterit
840 866 860 885 in
872 865 947 885 actione

150 897 243 916 criminali
253 899 273 916 et
282 897 338 919 civili,
348 897 393 922 quia
402 903 479 922 semper
489 897 623 916 terminabitur
633 896 688 921 prius
698 896 801 916 criminalis
812 903 870 921 quam
880 896 945 916 civilis.

151 928 203 947 Item
212 934 252 947 non
261 927 323 947 omnis
333 928 393 952 plaga
402 927 450 947 tacit
460 927 565 953 appellum,
575 927 621 952 quia
630 927 716 952 parvitas
727 927 790 952 plagae
800 929 823 946 ut
833 927 946 952 praedietum

150 961 179 978 est
191 958 281 978 declinat·
293 958 398 983 appellum,
410 960 430 978 et
441 958 476 977 hoc
488 958 603 982 relinquitur
614 958 723 977 discretioni
735 957 887 979 iustitiariorum,
899 957 946 976 dum

150 991 215 1008 tamen
223 989 265 1008 siin
271 989 334 1014 capite
341 989 395 1008 lacta
401 989 461 1008 fuerit
467 988 537 1008 sufficit
544 988 559 1008 si
567 988 654 1013 attigerit
661 995 721 1013 usque
729 988 753 1007 ad
760 994 782 1007 os
788 988 919 1013 profunditas,
926 990 946 1007 et

150 1020 171 1039 in
177 1019 304 1045 quocumque'
311 1019 349 1038 alio
355 1019 447 1038 ma-bro.
456 1019 477 1038 Si
484 1021 549 1038 autem
555 1025 576 1038 os
583 1019 694 1043 frangatur,
701 1019 753 1043 quod
760 1019 784 1038 de
792 1018 844 1037 facili
852 1018 946 1043 perpendi

150 1050 223 1075 poterit
233 1057 269 1075 per
279 1050 401 1072 renoduram,
412 1050 442 1069 vel
453 1051 504 1069 testa
514 1050 583 1074 capitis
595 1050 705 1074 frangatur,
716 1049 744 1068 ita
755 1049 807 1074 quod
818 1049 947 1068 extrahantur

151 1087 194 1100 ossa
205 1081 236 1100 vel
249 1080 334 1100 scherda¹
346 1087 419 1105 magna
431 1080 511 1102 levetur,
525 1080 652 1099 declinabitur
665 1082 684 1099 et
697 1080 753 1099 cadet
766 1080 852 1099 duellum
865 1082 947 1104 propter

150 1111 272 1131 mahemium.

201 1142 255 1165 Quid
262 1142 299 1161 ain·
305 1141 374 1161 debeat
382 1141 503 1161 mahemiwm.

151 1173 283 1192 Mamurius
291 1179 337 1191 vero
346 1172 382 1191 dici
390 1172 463 1197 poterit
472 1171 505 1191 ubi
513 1172 581 1197 aliquis
589 1172 610 1191 in
618 1172 682 1196 aliqua
691 1174 748 1196 parte
756 1171 786 1190 sui
794 1171 880 1196 corporis
889 1171 946 1190 effee-

150 1206 183 1223 tus
189 1203 214 1223 sit
219 1203 292 1223 inutilis
299 1203 323 1222 ad
330 1203 464 1228 pugnandum,
471 1205 490 1222 et
496 1202 579 1222 maxime
586 1208 621 1227 per
627 1202 682 1221 illum
689 1208 745 1227 quem
752 1202 845 1227 appellat,
851 1204 874 1221 ut
881 1202 897 1221 si
904 1208 947 1221 ossa

150 1234 278 1253 extrahantur
285 1240 297 1252 a
304 1234 368 1258 capite
375 1235 394 1253 et
401 1233 480 1252 scherda
487 1239 559 1257 magna
566 1233 641 1252 levetur
648 1235 670 1252 ut
677 1232 791 1258 praedictum
798 1234 833 1251 est.
842 1232 894 1251 Item
902 1232 918 1251 si
925 1238 947 1251 os

151 1265 262 1289 frangatur,
272 1264 302 1283 vel
312 1270 353 1289 pes,
363 1264 394 1283 vel
404 1270 479 1286 manus,
489 1264 519 1283 vel
531 1263 609 1288 digitus,
620 1263 650 1282 vel
661 1263 753 1282 articulus
764 1263 819 1288 pedis
830 1263 860 1282 vel
871 1269 946 1285 manus,

151 1318 184 1327 Μ·
190 1324 220 1338 qm
229 1324 281 1337 eam,
289 1318 328 1337 MG,
336 1318 373 1333 eM.
392 1318 405 1326 *⁷
411 1319 432 1337 et,
440 1318 475 1336 OB,
483 1318 521 1337 MA,
530 1318 567 1333 Ma.

192 1344 198 1352 ¹
205 1343 258 1362 tuerit,
267 1343 315 1359 uss.
324 1348 357 1358 m.
376 1342 383 1352 ¹
389 1343 430 1361 om,
439 1343 478 1362 MG,
487 1343 524 1358 cu.
545 1342 551 1351 ¹
557 1344 613 1362 pnmo,
622 1343 642 1361 v,
651 1342 688 1361 cm
697 1347 734 1362 m,
743 1342 778 1362 oa,
788 1342 826 1361 MA,
835 1343 873 1358 ΜΒ.
894 1342 900 1351 ·
906 1342 946 1361 οη,

150 1369 170 1388 v,
180 1369 218 1385 uc..
238 1368 290 1388 πω,
299 1369 318 1387 ν,
327 1369 367 1388 MG,
376 1369 414 1387 cu,
423 1368 457 1388 oe,
466 1368 504 1383 un.
524 1368 530 1377 ⁸
536 1367 609 1387 aecum,
618 1368 657 1387 uo,
667 1368 704 1387 cm,
714 1368 747 1383 oc.
767 1367 774 1376 ¹
780 1367 854 1387 quolibet,
863 1368 898 1386 oa,
908 1368 947 1386 MA,

151 1394 189 1413 ΜΒ,
199 1394 233 1410 cz.
254 1394 337 1414 neruda,
347 1393 407 1413 sarda,
416 1393 487 1412 κιιωᾶι,
497 1393 551 1413 eum,
561 1393 630 1412 neruda,
641 1393 703 1412 skerdn,
713 1393 761 1409 uss.
