1173 1660
350 154 380 169 DE
392 154 544 172 ADQUIRENDO
555 154 634 170 RERUM
646 154 747 170 nomme
912 156 948 174 156

152 192 203 211 iusta
215 198 273 211 causa
286 191 425 216 adquisitionis,
438 192 504 211 statim
516 198 560 211 eum
574 192 698 211 donatiuum
711 192 778 211 faeerit
791 195 811 212 et
824 192 948 212 traditionem

153 221 217 240 animo
231 221 367 243 transferendi,
382 221 448 240 statim
462 221 534 241 amittit
548 224 568 241 et
582 221 651 241 desinit
665 221 736 241 habere
749 224 852 246 utramque
867 228 891 241 ex
905 222 949 247 ipsa

152 251 261 270 traditione.
269 251 298 270 Et
305 251 372 270 eodem
379 251 436 270 modo
443 251 459 270 si
466 251 508 276 quis
515 253 618 276 utramque
625 251 718 274 habuerit,
726 254 746 271 et
753 253 821 271 contra
828 252 949 271 voluntatem

152 287 207 300 suam
215 280 320 300 disseisitus
329 280 389 300 ruerit
398 283 418 300 et
425 281 502 303 eiectus,
512 281 578 300 statim
586 280 664 300 amittat
673 281 790 300 naturalem:
799 281 874 300 civilem
884 283 949 300 autem

153 317 280 335 nequaquam,
292 310 352 329 donec
362 310 432 329 iterum
444 317 464 330 se
475 310 581 335 reponere¹¹
592 310 652 330 velit¹¹
664 310 684 329 in
695 310 784 330 seisinam
795 310 907 335 repellatur,
918 310 949 330 vel

153 341 168 359 si
177 340 279 360 crediderit
288 346 308 359 se
316 346 372 365 posse
381 340 454 365 repelli,
463 340 558 359 abstineat
567 347 579 359 a
588 340 657 359 seisina
665 342 685 360 et
694 340 719 359 ad
728 340 846 365 superiorem
856 342 949 363 recurrat,

153 372 172 389 et
183 372 230 389 tunc
241 369 312 389 desinit
323 369 426 394 possidere.
440 369 479 389 Sed
491 370 507 389 si
519 371 605 389 recenter
617 370 664 389 dum
676 369 750 389 civilem
762 370 851 389 habuerit
863 369 949 389 reioeerit

153 399 259 421 eiectorem,
271 401 377 433 recuperat
385 399 513 421 naturalem,¹⁸
526 401 546 418 et
558 399 584 419 sic
596 399 654 419 habet
666 402 774 424 utramque,
786 402 827 419 tam
840 399 949 419 naturalem

153 435 212 454 quam
225 428 305 448 civilem.
320 429 349 448 Et
362 429 389 448 sic
402 429 518 454 quandoque
531 429 601 449 desinit
615 429 658 454 quis
672 429 769 454 possidere
783 431 803 449 et
817 429 866 448 alius
881 429 948 454 incipit

152 459 218 478 statim
225 465 269 478 eum
276 459 325 478 alius
332 459 407 481 desinit,
414 459 453 478 sive
461 459 521 478 fuerit
528 459 622 478 naturalis
630 459 723 484 possessio
731 465 766 484 per
774 465 800 481 se,
808 459 847 478 sive
854 459 949 479 naturalis

152 490 172 508 et
181 488 240 508 civilis
249 488 371 508 coniunctim.
382 489 434 508 Item
443 494 488 508 cum
496 489 539 513 quis
548 488 618 508 eiectus
629 489 688 508 fuen't
698 491 718 508 et
727 488 836 508 naturalem
846 489 948 514 possessio-

152 524 196 537 nem
206 518 297 540 amiserit,
307 518 323 537 si
333 518 358 537 ad
367 521 444 543 tempus
454 524 490 543 per
499 518 638 543 negligentiam
648 518 678 537 vel
689 518 822 543 impotentiam
833 519 863 537 vel
874 518 948 543 patien-

152 548 199 567 tiam
208 548 297 567 iniuriam
306 547 460 570 dissimulaverit,
469 547 541 567 amittit
550 550 659 572 utramque,
668 550 709 567 tam
718 548 827 567 naturalem
836 554 894 573 quam
904 548 948 567 civi-

152 578 195 600 lem,
205 584 250 597 cum
259 577 354 603 patientia
364 577 453 597 trahatur
463 577 488 596 ad
497 583 616 596 consensum.
627 577 657 596 Et
667 577 693 597 sic
703 577 773 597 desinit
783 584 848 597 versus
859 577 948 597 dominus

152 607 250 632 possidere
258 609 278 627 et
286 607 354 632 incipit
362 607 460 632 possidere
469 613 566 632 possessor
575 607 676 626 violentus.
685 607 714 626 Et
724 607 791 626 eodem
800 607 857 626 modo
866 607 882 626 si
891 613 948 626 verus

151 637 240 657 dominus
249 644 261 657 a
269 637 388 662 possessione
396 637 494 656 recesserit
503 637 578 656 nemine
587 643 666 656 suorum
676 637 695 656 in
705 637 823 662 possessione
832 637 904 660 relicto,
914 637 948 656 ad-

152 667 189 686 huc
202 667 272 686 retinet
285 669 388 691 utramque
401 666 510 686 naturalem
524 669 543 686 et
557 666 637 689 civilem,
651 673 750 691 quousque
764 666 813 686 alius
826 667 948 691 ingrediatur

151 699 219 716 contra
231 696 351 716 voluntatem
363 702 418 715 suam
429 702 452 715 eo
464 696 535 716 sciente
546 696 577 715 vel
589 696 696 721 ignorante.
709 696 739 715 Et
750 698 797 716 tunc
809 696 879 716 desinit
891 703 948 716 verus

151 726 240 745 dominus
247 726 317 745 habere
324 726 462 751 possessionem
469 725 578 745 naturalem
586 725 662 748 iustam,
670 726 702 745 π’·
711 726 796 745 intrusor
803 726 871 751 incipit
878 726 948 745 habere

151 756 260 775 naturalem
268 756 301 775 sed
309 756 406 778 iniustam,
414 756 448 775 sed
456 755 526 775 retinet
534 761 590 775 verus
598 755 687 775 dominus
695 755 769 775 civilem
778 762 877 780 quousque
885 762 947 775 rever-

151 792 184 805 sus
193 785 298 810 repellatur
307 785 347 805 sine
356 792 390 810 spe
399 785 483 810 ponendi
493 792 512 804 se
521 785 540 804 in
549 785 644 807 seisinam,
653 785 683 804 vel
692 791 736 804 cum
745 785 853 810 suspicetur
862 791 882 804 se
892 792 948 810 posse

151 815 166 834 f.
174 815 221 839 ⁵1b]
249 815 326 840 repelli:
333 817 353 834 et
359 817 406 834 tunc
413 815 485 834 amittit
493 817 595 840 utramque
603 817 622 834 et
629 815 715 834 intrusus
723 815 790 840 incipit
797 815 867 834 habere
874 817 947 834 utram-

152 851 195 869 que.
207 845 236 864 Et
247 851 291 864 eum
303 845 389 864 intrusus
400 847 503 869 utramque
515 844 609 867 habuerit,
622 847 641 864 et
653 845 694 864 sine
706 844 775 864 iudicio
788 851 799 864 a
812 851 857 864 vero
870 845 948 864 domino

151 875 222 894 eiectus
231 874 297 897 fuerit,
306 877 353 894 tunc
363 874 396 894 fiet
406 875 430 894 de
439 881 462 894 eo
471 875 520 894 sicut
530 881 590 899 supra
599 874 669 894 dicitur
679 875 703 894 de
712 881 758 894 vero
768 875 851 897 domino,
861 877 881 894 et
890 881 947 894 verus

151 904 240 923 dominus
248 906 329 929 propter
337 910 391 924 suam
399 904 488 923 iniuriam
496 904 585 923 amittet’¹
595 904 688 923 actionem
697 910 751 923 suam
759 907 780 924 et
788 904 872 927 assisam,
881 911 947 924 secun-

151 934 198 953 dum
207 934 258 959 quod
268 934 349 953 inferius
358 934 433 953 dicetur
441 934 465 953 de
474 933 558 953 „aisis”
568 934 590 953 Si
599 936 664 953 autem
673 934 708 953 hoc
718 934 785 953 fecerit
795 940 838 953 cum
848 934 918 953 iudicio
927 936 948 953 et

151 970 186 989 per
192 964 277 986 assisam,
284 964 315 983 vel
322 965 408 983 recenter
415 963 455 982 sine
460 963 525 985 assisa,
530 963 582 982 aliud
587 963 629 982 erit.
636 963 687 982 Item
692 963 796 982 cummalae
800 963 844 982 fidei
850 969 947 988 possessor

150 994 179 1013 ita
188 995 290 1018 utramque
300 993 370 1012 habere
379 993 477 1018 inceperit,
488 993 504 1012 si
514 993 538 1012 ab
548 995 641 1012 extraneo
651 993 721 1012 eiectus
732 993 797 1016 fuerit,
807 995 855 1012 tune
865 993 912 1013 fiee*
923 994 947 1013 de

150 1029 173 1042 eo
181 1023 230 1042 sicut
237 1023 278 1042 fleri
286 1023 364 1042 deberet
371 1022 395 1042 de
402 1029 448 1041 vem
456 1022 534 1042 domino
541 1025 637 1047 quantum
644 1023 669 1042 ad
677 1025 779 1042 extraneas
787 1029 885 1048 personas.
895 1023 947 1042 Itan

151 1052 223 1072 amittit
236 1052 279 1077 quis
292 1054 394 1077 utramque
407 1054 469 1071 morte
482 1052 567 1071 naturali
580 1052 611 1071 vel
624 1052 680 1071 civili.
694 1052 761 1071 Morte
774 1053 858 1072 naturali
872 1053 947 1072 civilem

151 1082 223 1101 amittit
229 1082 249 1101 in
255 1082 309 1101 exitu
316 1082 389 1104 animm,
397 1084 416 1101 et
423 1081 531 1101 naturalem
538 1087 582 1101 eum
589 1088 659 1106 corpus
666 1082 765 1101 efferatur.
774 1082 855 1101 Civilem
863 1084 883 1101 et
889 1085 946 1101 natu-

150 1112 211 1131 ralem
221 1111 283 1134 simul,
293 1118 317 1131 ex
327 1114 389 1131 morte
398 1111 454 1134 civili,
464 1117 508 1130 cum
518 1111 605 1131 habitum
615 1111 711 1136 religionis
722 1112 846 1136 assumpserit
857 1112 885 1131 ita
894 1112 946 1137 quod

151 1141 176 1160 ad
184 1141 274 1160 saeeulum
282 1141 345 1160 redire
352 1147 392 1160 non
400 1141 467 1166 possit.
477 1141 529 1160 Item
537 1147 581 1160 eum
589 1141 610 1160 in
618 1141 736 1166 possessione
745 1141 837 1164 extiterit,
846 1141 890 1160 licet
899 1141 946 1161 eiec-

150 1172 183 1190 tus
193 1177 232 1190 non
242 1170 307 1193 fuerit,
318 1170 334 1190 si
343 1173 409 1190 tamen
419 1170 526 1195 prohibitus
537 1170 597 1190 fuerit
606 1171 635 1190 uti
646 1171 686 1190 frui
696 1171 726 1189 vel
736 1171 788 1196 quod
798 1171 897 1190 commode
907 1177 947 1190 non

151 1200 212 1225 possit
218 1200 249 1219 vel
255 1200 313 1219 modo
320 1200 390 1222 debito,
398 1206 433 1225 per
440 1207 460 1219 se
467 1206 528 1224 neque
535 1206 571 1225 per
579 1206 629 1222 suos,
637 1200 666 1219 vel
674 1200 689 1219 si
697 1200 745 1220 alius
753 1201 782 1220 uti
789 1200 872 1220 voluerit
879 1203 947 1220 contra

150 1230 271 1249 voluntatem
280 1236 341 1252 suam,
351 1230 421 1249 retinet
431 1230 520 1249 dominus
529 1230 638 1249 naturalem
648 1230 785 1255 possessionem
796 1230 872 1253 iustam,
882 1233 902 1250 et
912 1231 946 1249 im-

151 1260 230 1284 pediens
241 1260 272 1279 vel
283 1260 400 1285 perturbans
411 1266 436 1279 ex
447 1259 507 1284 longa
519 1260 637 1284 possessione
649 1266 685 1284 per
696 1260 831 1284 impotentiam
843 1260 873 1279 vel
886 1260 946 1285 negli-

151 1310 164 1319 =¹
170 1310 210 1329 om,
218 1310 254 1328 εις
263 1315 326 1330 ponere,
334 1309 369 1329 01³,
377 1310 416 1328 MA,
424 1310 462 1328 ME,
470 1310 508 1329 cu,
516 1310 536 1325 Y.
556 1309 627 1328 unua,
635 1310 670 1329 oa,
678 1310 717 1328 MA,
726 1310 764 1329 un,
773 1310 810 1329 cM,
820 1310 858 1328 MG,
868 1310 891 1328 Yz
899 1310 946 1329 volet,

151 1335 185 1354 oa,
194 1335 228 1354 LA,
236 1335 272 1353 cm
280 1335 324 1354 veut,
332 1335 366 1354 oc,
374 1335 397 1353 V;
406 1335 460 1354 mua,
469 1335 505 1350 uc.
525 1334 538 1343 ¹·
544 1334 584 1354 om,
593 1335 628 1354 01³,
637 1335 675 1354 MA,
684 1335 722 1354 nn,
731 1335 765 1354 cn,
774 1336 812 1355 cu,
821 1336 840 1351 Y.
860 1335 874 1344 ¹·
880 1337 902 1354 ut,
911 1336 947 1355 013,

151 1360 189 1378 MA,
201 1360 238 1376 ias.
261 1360 343 1379 emma,
354 1360 374 1378 v,
385 1360 418 1378 oc,
430 1360 472 1378 um
483 1361 550 1380 maim,
562 1360 599 1376 cu.
622 1360 696 1379 unuin,
707 1361 727 1380 v,
739 1361 780 1379 ΜΑ;
792 1362 841 1380 mu,
853 1356 900 1377 uss.
913 1367 945 1377 m.

151 1385 164 1394 ι’
170 1385 203 1404 snt,
211 1385 230 1404 v,
238 1385 273 1404 oa,
281 1385 315 1404 LA,
322 1385 356 1404 oc,
365 1385 404 1404 im,
412 1385 448 1401 uc.
