1173 1660
351 161 381 177 DE
393 161 544 180 ADQUIRENDO
556 162 635 178 RERUM
647 162 748 178 nomme
913 165 949 183 107

152 199 239 224 propria,
251 205 293 223 quae
304 198 329 218 de
341 199 383 218 iure
395 199 479 218 naturali
491 206 532 219 esse
544 199 650 219 deberenw
662 200 767 220 inventoris
780 200 829 220 sieut
841 200 948 223 thesaurus,

152 234 252 251 wreceum,
259 235 338 253 gras-sus
346 229 408 254 piscis,
416 229 497 254 sturgio,
504 229 606 254 wayvium,
615 236 657 254 quae
664 230 685 249 in
692 229 764 249 nullius
772 230 826 249 bonis
834 237 875 249 esse
883 230 948 250 dieun-

152 260 191 277 tur.
202 258 270 277 Habet
280 258 338 277 etiam
349 258 373 277 de
383 259 424 278 iure
433 259 521 283 gentium
531 259 551 278 in
561 265 620 278 manu
631 265 672 281 sua,
682 266 724 284 quae
734 259 759 278 de
769 260 811 278 iure
821 260 906 279 naturali
916 260 948 279 de

153 288 220 307 berent
233 294 273 307 esse
286 288 401 311 communia,
414 288 463 308 sieut
476 289 528 308 feras
541 289 617 311 bestias,
630 291 650 308 et
663 295 708 308 aves
721 295 760 308 non
773 289 893 312 domesticas,
906 296 949 314 quoe

152 318 244 338 deberent
251 324 292 337 esse
299 318 408 337 communia
416 318 440 337 de
447 318 488 337 iure
496 318 580 337 naturali
589 325 624 343 per
632 318 803 343 apprehensionem
812 321 831 338 et
839 319 949 344 captionem

152 350 172 367 et
182 348 336 373 nucupationem.
348 348 399 367 Item
410 354 446 373 per
455 348 601 373 occupationem
612 351 631 367 et
642 348 813 373 apprehensionem
824 349 852 368 rei
863 349 948 371 alterius,

152 380 175 397 ut
185 377 201 396 si
211 377 258 402 quid
268 377 362 396 abiciatur
372 379 392 396 et
402 384 438 402 pru
449 377 539 396 derelicto
550 377 649 397 habeatur.
661 378 693 396 Ea
704 384 750 397 vero
761 384 803 403 quae
813 378 948 398 iurisdictionis

152 409 198 426 sunt
207 409 226 426 et
236 407 294 432 pacis,
303 409 323 426 et
332 414 355 426 ea
364 413 406 432 quoe
415 409 461 426 sunt
469 407 546 426 iustitie
556 409 575 426 et
585 408 628 432 paci
638 414 719 430 annexa,
730 407 755 427 ad
765 408 840 427 nullum
849 408 948 433 pertinent

152 437 189 456 nisi
202 437 292 456 tantum¹¹
306 437 332 456 ad
344 443 435 456 coronam
448 439 468 456 et
482 437 596 461 dignitatem
610 437 690 462 regiam,
703 443 738 456 nee
752 444 764 456 a
777 444 848 457 corona
862 439 948 463 separari

152 469 244 492 poterunt
253 473 297 486 cum
306 466 379 486 faciant
388 467 450 491 ipsam
459 473 555 486 coronata
565 467 604 486 Est
613 467 664 486 enim
672 473 744 486 corona
752 468 816 487 facere
825 468 919 487 iustitiam
928 470 948 487 et

151 497 248 519 iudicium,
257 499 276 516 et
285 499 350 516 tenere
358 503 432 522 paoem,
439 499 459 516 et
468 497 508 516 sine
517 496 585 522 quibus
594 503 664 516 corona
673 497 776 517 consistere
784 504 824 517 non
832 498 904 523 poterit
913 504 948 517 nec

151 529 223 547 tenere.
230 527 349 546 Huiusmodi
356 529 421 547 autem
428 527 471 546 iura
477 527 516 546 sive
523 527 661 546 iurisdictiones
669 527 694 546 ad
701 534 793 552 personas
800 528 830 547 vel
838 530 948 547 tenemento

151 557 254 576 transferri
266 563 305 576 non
317 559 416 582 poterunt,
427 563 490 581 neque
502 563 514 576 a
525 557 603 582 privata
615 563 697 582 persona
709 557 808 582 possideri,
821 564 883 582 neque
895 564 947 580 usus,

152 593 214 611 neque
226 586 314 606 executio
327 586 379 609 iun's,
392 586 428 605 nisi
441 586 476 605 hoc
489 587 557 606 datum
569 586 633 606 esset¹¹
646 586 663 606 ei
676 586 766 611 desuper,
779 587 828 606 sieut
842 587 947 607 iurisdictio

152 616 246 641 delegata,
255 622 290 635 nec
299 616 384 640 delegari
392 616 470 641 poterit,
480 616 526 641 quin
535 616 632 635 ordinaria
641 618 740 636 remaneat
749 622 793 636 cum
802 616 844 641 ipso
853 623 905 641 rege.
915 617 947 636 Ea

151 652 197 665 vero
206 652 248 671 quie
256 646 348 665 dicuntur
356 646 458 671 privilegia
466 645 510 665 licet
519 646 630 670 pertineant
640 646 665 665 ad
674 652 770 668 eorunm,
780 648 845 666 tumen
855 652 867 665 a
877 652 948 666 corona

152 676 237 701 separari
248 678 331 701 possunt
341 677 361 694 et
372 675 397 694 ad
409 675 495 700 privatas
506 681 599 700 personas
610 676 719 698 trmsfem',
731 676 764 695 sed
776 676 800 695 de
811 676 876 700 gratia
887 676 947 701 ipsius

151 706 203 730 tegis
211 705 297 730 speciali:
306 705 360 724 cuius
369 705 434 730 gratis.
443 707 462 724 et
471 705 566 724 concessio
576 705 662 730 specialis
672 705 687 724 si
697 712 736 724 non
746 705 890 728 intervenerint,
900 708 947 725 tem-

152 735 166 754 f.
174 735 208 758 ⁶6]
237 741 274 760 pus
280 741 292 754 a
298 735 334 754 tali
340 734 433 760 petitione
439 741 504 759 regem
511 741 550 753 non
557 734 647 754 excludit.
655 734 739 754 Nullum
745 735 796 754 enim
803 737 880 760 tempus
887 735 947 755 currit

151 767 219 784 contra
226 764 290 789 ipsum
298 764 324 783 in‘
332 764 368 783 hoc
375 770 420 783 casu
428 770 473 783 cum
480 764 594 789 probatione
602 770 641 783 non
650 764 719 788 egeat.¹
728 764 823 784 Constare
831 764 882 784 enim
890 765 947 784 debet

151 794 239 813 omnibus
249 794 301 819 quod
310 794 418 813 huiusmodi
428 793 526 818 pertinent
536 794 561 813 ad
570 800 667 816 coronam,
677 794 713 813 nisi
723 794 748 813 sit
758 794 826 819 aliquis
836 794 869 819 qui
879 794 947 814 docere

152 824 224 849 poterit
235 830 259 843 ex
271 823 349 849 speciali
360 823 425 848 gratia
436 823 502 843 habita
514 824 637 843 contrarium.
651 824 677 843 In
689 823 730 843 aliis
743 823 800 843 enim'
812 824 845 843 ubi
857 824 947 849 probatio

151 854 257 873 necessaria
269 854 335 875 fuerit,
348 853 408 873 currit
421 856 498 878 tempus
511 855 578 872 oontn
591 853 655 878 ipsum
668 853 717 873 sicut
730 853 804 873 contra*
817 860 947 879 quoscumque

152 884 204 903 alios.
218 883 338 902 Huiusmodi
351 885 416 902 autem
429 883 527 902 libertates
540 889 584 902 cum
598 889 610 902 a
623 889 668 907 rege
682 889 774 902 concessae
788 883 867 905 fuerint,
881 883 947 903 statim

151 913 206 938 quasi
217 913 364 932 transferuntur
376 915 396 932 et
408 913 463 937 quasi
475 912 604 937 possidentur,
617 915 637 932 et
649 913 680 932 ille
693 913 724 931 cui
736 913 868 932 conceduntur
881 913 947 932 statim

151 943 206 968 quasi
216 942 285 965 utitur,
296 942 341 962 licet
351 948 406 961 casus
417 949 456 967 quo
466 942 496 961 uti
507 942 576 961 debeat
588 942 653 962 statim
665 948 704 961 non
716 942 805 962 evenerit.
818 942 869 962 Cum
882 945 946 962 autem

151 972 236 992 evenerit
244 974 264 991 et
273 978 319 991 usus
328 972 394 994 fuerit,
403 972 469 991 statim
478 971 548 991 retinet
557 971 695 997 possessionem
705 978 741 996 per
750 978 812 994 usum,
822 974 841 991 et
851 972 891 991 sive
901 979 947 991 usus

151 1002 211 1021 fuerit
219 1008 269 1024 vere,
278 1002 317 1021 sive
325 1008 370 1024 non,
379 1007 454 1026 semper
462 1001 499 1021 erit
508 1001 528 1020 in
536 1001 654 1026 possessione
663 1002 693 1020 vel
703 1001 763 1026 quasi,
772 1001 803 1020 vel
812 1001 947 1021 iurisdictionis

151 1031 244 1056 delegatae
252 1031 282 1050 vel
290 1031 317 1051 rei
325 1031 384 1050 donec
392 1031 477 1050 amiserit
485 1037 520 1056 per
528 1030 616 1050 abusum¹
624 1030 662 1050 vel·
670 1037 709 1050 non
717 1037 779 1050 usum.
788 1031 825 1050 Uti
833 1033 898 1050 autem
907 1037 947 1050 non

150 1061 223 1086 poterit
234 1061 276 1086 quis
288 1067 339 1083 vere,
350 1061 394 1080 licet
406 1061 466 1085 qussi,
477 1060 512 1079 tali
523 1060 618 1083 libertate,
631 1060 691 1079 donec
703 1066 757 1080 casus
770 1061 854 1080 evenerit
866 1067 905 1085 quo
917 1061 946 1080 uti

151 1090 218 1115 possit,
228 1093 251 1110 ut
260 1090 276 1110 si
286 1090 329 1115 quis
338 1090 414 1109 habeat'
424 1090 498 1109 curiam
507 1092 527 1109 et
537 1092 654 1115 potestatem
664 1090 769 1115 placitandi
779 1090 800 1109 in
810 1090 864 1109 curis
875 1096 915 1113 sua,
926 1092 946 1110 et

150 1120 229 1140 tenendi
239 1120 332 1145 placitum
342 1126 378 1145 per
387 1120 445 1139 breve
455 1120 479 1139 de
490 1122 548 1142 recto,
559 1119 604 1139 licet
614 1119 638 1139 sit
649 1120 704 1144 quasi
714 1119 735 1138 in
746 1119 869 1144 possessione,
880 1122 946 1139 tamen

151 1156 195 1170 vere
205 1150 235 1169 uti
246 1156 285 1169 non
296 1149 368 1175 poterit
379 1152 425 1169 ante
436 1149 498 1168 brevis
510 1149 665 1174 impetrationem
677 1151 696 1168 et
708 1149 881 1168 summonitionem.
894 1150 946 1169 Item

151 1180 167 1199 si
178 1180 209 1199 cui
221 1179 337 1199 concedatur
349 1179 427 1199 libertas
440 1179 491 1204 quod
503 1179 599 1204 inquirere
611 1179 672 1204 possit
685 1181 704 1198 et
716 1179 800 1198 iudicare
813 1179 837 1198 de
850 1179 913 1198 assisis
926 1181 946 1198 et
969 1189 973 1190 ν

151 1209 245 1229 mensuris
259 1208 347 1228 infractis
361 1211 432 1228 contra.
444 1208 600 1228 constitutionem
614 1209 693 1233 regiain,
709 1208 753 1228 licet
768 1208 829 1234 possit
843 1208 945 1234 inquirere,

151 1241 217 1258 tamen
231 1239 315 1258 iudicare
328 1245 368 1258 non
382 1238 454 1263 poterit
469 1240 572 1263 antequam
588 1238 648 1257 fuerit
662 1240 810 1263 transgressum,
825 1238 870 1257 licet
884 1239 945 1258 fuerit

150 1269 204 1294 quasi
212 1269 233 1288 in
241 1268 365 1294 possessione.
374 1268 426 1288 Item
434 1268 450 1287 si
458 1268 489 1287 cui
497 1267 613 1287 concedatur
621 1267 665 1287 talis
674 1267 752 1287 libertas
761 1268 813 1293 quod
821 1268 891 1287 habeat
900 1268 945 1287 soke

150 1301 170 1318 et
184 1298 235 1321 sake,
248 1298 277 1317 tol
290 1300 310 1317 et
323 1298 382 1320 them,
395 1297 544 1322 infangenethef
557 1299 577 1316 et
591 1297 747 1322 utfangeuethef,
761 1297 852 1316 iudicium
867 1297 911 1317 vitm
925 1299 945 1316 et

150 1344 162 1353 '⁸
168 1344 230 1363 debent,
237 1344 284 1360 MSS.
291 1349 324 1359 var.
341 1343 354 1352 '¹
361 1344 401 1362 θαι,
407 1344 442 1362 013,
449 1344 487 1362 MA,
494 1343 532 1362 ME,
539 1343 573 1362 ΟΕ,
580 1343 617 1358 CM.
634 1342 647 1351 ⁸¹
654 1343 707 1362 fuerit,
714 1343 734 1362 V,
740 1343 775 1362 ΟΔ,
783 1343 819 1358 MC.

191 1369 210 1378 Η
216 1369 256 1389 012,
265 1369 300 1388 ΟΒ,
310 1369 348 1388 MB,
360 1369 388 1388 (4-
394 1368 443 1388 MA).
462 1368 517 1388 ⁸vero,
526 1368 546 1387 V,
555 1368 591 1387 ΟΒ,
600 1369 639 1387 MA,
649 1368 687 1387 ME,
697 1368 731 1387 GE,
740 1369 777 1384 CM.
798 1368 851 1388 ⁸0m.,
861 1369 896 1388 OB,
906 1369 944 1388 MA,

149 1395 183 1414 CB,
191 1395 227 1411 CM.
234 1399 236 1401 ·
246 1394 265 1403 Μ
271 1395 312 1413 On,
319 1395 354 1413 ΟΛ,
361 1394 395 1413 LA,
402 1394 437 1413 OC,
445 1394 483 1413 MG,
491 1394 510 1409 Y.
529 1394 535 1402 '
541 1393 593 1413 habet,
601 1393 635 1413 ΟΒ,
644 1394 682 1412 MA,
690 1394 728 1413 ME,
737 1394 770 1413 ΟΕ,
778 1394 815 1410 CM.
