1173 1660
461 162 491 178 DE
502 162 640 179 ACTIONIBUS
913 165 949 182 2⁹1

155 200 227 219 etinm'¹
236 200 252 219 si
259 202 342 225 utraque
350 200 410 225 psrs¹¹
419 200 476 219 vellet
484 200 608 220 criminaliter
616 207 674 225 agere
682 201 703 220 in
711 200 766 220 civili.
777 201 807 220 Ut
816 201 832 220 si
841 201 883 226 quis
893 201 951 220 setiu-

155 237 199 250 nem
206 231 315 250 institueret
322 233 390 250 contra
397 231 455 250 alium
463 231 587 250 criminaliter
594 237 637 250 cum
645 231 669 250 sit
676 231 742 253 civilis,
750 234 769 250 et
777 231 848 250 diceret
856 232 908 256 quod
916 238 952 256 per

155 261 248 280 feloniam
258 261 371 280 excussisset
382 261 481 286 pulverem
492 261 516 280 de
526 267 576 286 caps
586 268 627 283 sus,
638 261 669 280 vel
680 261 726 286 quid
737 261 782 283 tale,
793 263 813 281 et
824 261 859 280 hoc
870 264 951 286 paratus

156 291 170 310 1.
179 291 225 314 102]
253 294 302 311 esset
312 291 447 310 disrationare:
457 291 515 310 iudex
526 291 600 310 factum
609 291 738 311 examinando
748 294 767 311 et
777 298 855 311 causam
865 298 951 316 pronun-

155 321 204 341 tiare
216 321 294 340 deberet
307 322 406 346 appellum
420 328 460 341 esse
472 321 553 344 nullum,
567 324 587 341 et
600 328 679 341 eausam
690 322 765 341 civilem
778 324 797 341 et
811 328 850 341 non
864 322 951 341 criminu-

155 351 199 370 lem.
212 351 242 371 Et
253 351 289 371 hoe
301 351 359 371 etism
372 352 387 371 si
400 352 510 376 appellatus
522 354 603 377 paratus
616 354 665 371 esset
679 358 713 377 per
726 358 796 376 corpus
810 358 866 371 suum
879 352 905 371 se¹
919 352 951 371 de-

156 382 241 401 fendere.
255 382 284 401 Et
297 382 355 401 etism
368 382 383 401 si
397 388 432 407 per
445 382 562 407 imperitiam
575 384 624 401 esset
637 382 688 401 inter
701 388 733 401 eos
746 382 832 401 duellum
845 382 951 404 vsdiutum,

156 412 233 431 deberet
241 412 339 431 devsdiari
346 418 382 437 per
389 412 485 431 iudicium.
495 412 534 431 Sed
543 415 604 431 restat
611 412 735 437 quaerendum
743 415 810 432 utrum
818 412 863 432 tulis
870 412 952 431 ulterius

156 443 181 462 sd
187 443 261 462 civilem
267 443 362 462 actionem
368 443 437 462 habere
444 443 505 468 possit
511 449 620 468 regressum
626 443 656 462 vel
663 449 708 462 non.
716 443 767 462 Cum
773 443 845 462 autem¹
852 443 902 462 actio
910 443 951 462 fue-

156 473 182 493 rit
190 480 242 493 mere
251 473 360 496 cn‘minffls,
370 473 444 493 institui
454 473 526 498 poterit
536 474 560 492 sb
569 474 624 493 initio
634 473 758 493 criminaliter
767 474 798 493 vel
807 473 893 493 civiliter.
906 473 951 492 Sed·

155 510 199 523 eum
205 504 315 523 criminalis·
322 504 379 523 semel
386 504 446 523 fuerit
452 504 541 523 instituta
547 504 640 526 civiliter:
648 504 740 529 quaeritur
747 510 772 523 un
779 510 869 523 sceussns
876 506 952 523 mutare

156 535 217 559 possit
224 537 244 554 et
251 541 308 559 agere
316 534 445 557 criminaliter,
453 537 473 554 et
481 542 491 554 e
499 534 601 554 contrario.
609 535 684 554 Dicunt
692 534 770 559 quidam
779 535 831 559 quod
838 541 850 553 a
858 534 952 554 criminali

156 565 270 585 descendere
282 571 321 584 non
334 566 406 590 poterit
418 566 443 585 ud
455 565 529 585 civilem
541 565 651 588 minuendo,
664 566 696 584 sed
710 572 722 584 u
734 565 783 584 civili
796 566 822 584 sd
834 565 952 584 criminalem

156 596 251 620 augendo.
263 596 340 618 Quibus
351 598 417 615 tamen
427 602 464 621 ego
475 602 514 615 non
526 596 615 618 assentio,
626 602 670 615 cum
681 596 702 615 in
713 596 749 615 hoe
760 595 813 615 essu⁸
825 596 901 615 admitti
913 602 952 615 non

156 626 234 646 deberet
242 626 336 646 variatio-⁷
345 627 459 646 Personsles
467 633 513 646 vero
522 627 606 646 actiones
615 629 660 646 sunt
669 633 711 651 quae
719 629 832 652 competunt
841 629 909 646 contra
918 626 952 645 sli-

157 664 214 682 quem
223 664 247 677 ex
256 659 356 677 oontractu
366 657 396 676 vel
406 657 466 682 quusi,
476 664 500 676 ex
510 657 603 677 malefido
613 658 642 677 vel
653 657 713 682 quasi,
722 664 766 676 eum
776 657 818 682 quis
827 659 918 677 teneatur
927 657 952 676 sd

157 688 229 713 aliquid
241 688 327 707 dandum
339 688 370 707 vel
382 688 498 710 faciendum,
511 690 530 707 et
542 688 606 707 locum
618 688 689 707 habent
702 688 792 707 adversus
806 695 850 707 eum
862 688 896 713 qui
908 694 952 707 oon-

156 719 217 738 traxit
226 721 245 738 et
253 719 342 738 heredem
351 725 413 741 suum,
422 719 458 738 nisi
467 719 506 738 sint
514 719 605 743 poenales.
615 719 644 738 Et
653 719 744 738 dicuntur
753 719 836 738 actiones
845 719 920 741 nutivae,
930 725 952 738 eo

157 750 209 774 quod
216 752 322 769 nuscuntur
329 756 353 769 ex
360 749 496 769 contractibus.
504 749 533 769 Et
541 756 607 769 omnes
615 749 656 769 fere
664 749 774 774 personales
782 749 866 768 actiones
875 751 920 769 sunt
928 755 953 768 ex

156 782 263 802 contractu,
275 780 324 799 sicut
335 780 404 802 mutui,
415 780 536 802 commodnti,
549 780 637 805 depositi,
649 780 741 802 mundati,
754 786 778 799 ex
790 782 856 805 empto
868 780 952 802 vendito,

156 811 219 830 locato
230 813 249 830 et
259 811 360 830 conducto.
371 811 485 830 Personsles
496 817 542 830 vero
552 811 636 830 actiones
647 817 689 836 quie
699 813 806 830 nuscuntur
816 817 841 829 ex
852 810 952 832 maleficio,

157 842 198 861 aliie
207 841 357 867 persequuntur·
366 848 444 867 poensm
453 844 531 861 tantum
539 844 562 861 ut
572 842 622 861 actio
632 842 686 864 furti,
697 841 738 861 sliae
747 848 793 860 vero
803 840 952 866 persequuntur·

157 873 220 898 ipsam
228 879 269 892 rem
276 875 296 892 et
304 878 382 897 poennm
391 872 440 892 sieut
448 873 498 892 actio
506 873 525 891 vi
534 872 629 892 bonorum
637 875 744 898 raptorum,
754 874 773 891 et
783 872 810 892 its
819 872 857 892 sint
867 872 953 897 duplices

157 909 180 922 eo
190 903 241 928 quod
252 905 298 922 sunt
307 903 349 922 rei¹⁰
359 903 492 928 persecutoria
502 905 522 922 et
532 909 599 928 poenae,
610 905 629 922 et
639 903 667 922 its
676 905 718 922 tam
728 903 748 922 in
759 909 799 922 rem
810 909 868 928 quum
878 903 899 922 in
909 909 952 928 per-

158 940 230 953 sonam·
240 934 270 953 Et
279 940 323 953 eum
333 934 371 953 sint
382 940 421 953 uno
430 934 488 953 modo
498 934 526 953 rei
535 934 675 959 persecutoria,
686 936 799 959 competunt
809 935 877 953 eontra
887 940 953 953 omnes

158 964 191 989 qui
198 967 280 989 possunt
286 965 393 987 restituere,
401 965 440 984 sive
447 964 479 984 ille
487 965 584 989 posside-t
592 965 625 989 qui
633 965 723 989 spoliavit
731 965 770 984 sive
778 964 832 984 alius.
843 965 953 984 Secundum

157 1001 203 1014 vero
210 995 262 1020 quod
269 995 343 1014 fuerint
349 995 441 1020 poenales,
448 1001 487 1014 non
494 995 651 1020 persequuntur¹¹
659 995 695 1014 nisi
702 998 779 1014 tantum
787 997 875 1014 auctores
883 995 953 1014 delicti.

158 1026 187 1045 Et
196 1026 311 1050 quandoque
320 1028 433 1051 competunt
442 1032 509 1045 versus
518 1032 579 1045 unum
588 1026 621 1050 qui
631 1026 712 1050 deliquit
721 1032 765 1045 cum
775 1026 836 1051 possit
846 1026 953 1049 restituere,

157 1062 201 1075 cum
210 1057 249 1076 sint
258 1056 363 1076 ooniunctoe
373 1057 393 1076 in
402 1063 442 1076 unu
451 1063 542 1081 persons:
552 1058 571 1076 et
582 1056 696 1081 quandoque
706 1063 772 1076 versus
782 1057 830 1076 duos
840 1057 871 1076 vel
881 1057 953 1081 plures,

158 1093 202 1106 cum
213 1087 252 1106 sint
263 1087 362 1106 disiunctus
373 1089 393 1106 et
404 1087 510 1114 bifurcatae,
522 1093 566 1106 cum
577 1087 610 1106 ille
621 1088 654 1112 qui
666 1087 746 1112 deliquit
758 1093 797 1106 non
809 1087 906 1112 possident
918 1093 953 1106 nee

158 1118 259 1137 restituere
270 1118 337 1143 possit,
348 1120 368 1137 et
379 1118 411 1137 ille
422 1118 455 1142 qui
467 1117 552 1143 possidet
563 1124 603 1137 non
614 1118 716 1143 deliquerit
728 1118 761 1137 sed
773 1118 874 1137 restituere
886 1118 952 1143 possit.

159 1149 211 1168 Item
220 1148 297 1168 illarum
307 1155 349 1173 quoe
360 1151 405 1168 sunt
415 1148 436 1167 in
445 1155 548 1173 personam
558 1155 582 1168 ex
593 1148 687 1168 maleficio
697 1148 727 1168 vel
738 1149 798 1173 qussi,
809 1149 897 1173 quaedam
908 1151 954 1168 sunt

157 1179 264 1198 criminales
280 1181 300 1198 et
317 1179 404 1204 quiedam
420 1179 489 1198 civiles.
506 1179 640 1198 Criminslium
657 1179 745 1204 quaedam
761 1180 849 1201 maiores,
866 1180 954 1204 quaednm

157 1210 246 1229 minores.
262 1210 292 1229 Et
307 1210 390 1229 civilium
406 1210 473 1229 eodem
488 1210 551 1232 modo,
567 1210 673 1229 seeundum
688 1210 740 1235 quod
756 1210 843 1235 superius
860 1210 880 1229 in
897 1212 954 1235 purte

157 1241 251 1265 tangitur.

158 1295 171 1304 '¹
177 1297 198 1314 et,
205 1295 225 1314 V,
232 1295 270 1314 MA,
277 1295 314 1313 OC;
321 1297 354 1314 sut,
361 1296 398 1311 CM.
416 1295 429 1304 ¹¹
435 1295 476 1314 Om.‚
482 1295 517 1314 OB,
525 1296 564 1314 MA,
571 1296 609 1311 ME.

199 1320 205 1329 ¹
211 1320 252 1339 om,
258 1320 278 1339 V,
286 1320 324 1336 MG.
342 1320 348 1329 ¹
354 1320 395 1339 0m.,
401 1320 436 1339 ΟΒ,
444 1320 482 1339 ΜΔ,
490 1321 528 1336 ΜΒ.
546 1320 565 1329 ””
570 1320 611 1339 Om„
618 1320 653 1339 OB,
661 1320 699 1339 MA,
707 1321 744 1336 Mn.
762 1320 881 1339 ‘cri-nimum,
889 1321 908 1340 V,
916 1320 953 1339 LA;

157 1346 238 1365 crimini,
246 1345 281 1364 ΟΔ,
290 1345 324 1364 OC,
333 1345 366 1365 CE,
375 1346 413 1365 CM,
421 1346 460 1365 MG,
469 1346 506 1361 MC.
526 1345 544 1354 ⁸*
550 1351 587 1361 essu
596 1346 665 1361 adminui
674 1351 705 1361 riou
714 1345 777 1361 deberet
786 1347 861 1365 uari-atio,
870 1346 905 1365 ΟΒ,
915 1346 953 1365 ΜΒ,

158 1371 191 1387 ΜΛ
201 1371 269 1391 (debet).
289 1370 308 1379 ¹²¹
314 1373 434 1391 prosequuntur,
442 1372 560 1391 prosequentur,
568 1373 685 1391 persequentur,
694 1371 741 1387 MSS.
750 1376 783 1387 ur.
803 1371 815 1380 ¹⁵
822 1371 862 1390 θυι,
871 1371 906 1390 013,
915 1372 953 1391 MA,

157 1396 195 1411 ΜΒ.
214 1396 227 1405 “
233 1398 350 1416 penequmtur,
359 1398 478 1416 prosequuntur,
486 1396 533 1412 MSS.
541 1401 574 1412 vn.
